
  <record>
    <leader>00000cam a2200349I  4500</leader>
      <controlfield tag='008'>901215s1954    ctu      b    000 0 eng  </controlfield>
      <controlfield tag='001'>251032</controlfield>
      <controlfield tag='005'>19901215000000.0</controlfield>
      <datafield ind1=' ' ind2=' ' tag='010'>
        <subfield code='a'>54005285</subfield>
      </datafield>
      <datafield ind1=' ' ind2=' ' tag='040'>
        <subfield code='a'>DLC</subfield>
        <subfield code='c'>CDC</subfield>
        <subfield code='d'>SER</subfield>
        <subfield code='d'>m.c.</subfield>
        <subfield code='d'>OCL</subfield>
      </datafield>
      <datafield ind1='0' ind2=' ' tag='050'>
        <subfield code='a'>PR2823.A2</subfield>
        <subfield code='b'>W3</subfield>
      </datafield>
      <datafield ind1=' ' ind2=' ' tag='082'>
        <subfield code='a'>822.33</subfield>
      </datafield>
      <datafield ind1='1' ind2=' ' tag='100'>
        <subfield code='a'>Shakespeare, William,</subfield>
        <subfield code='d'>1564-1616.</subfield>
      </datafield>
      <datafield ind1='1' ind2='0' tag='240'>
        <subfield code='a'>Macbeth</subfield>
      </datafield>
      <datafield ind1='1' ind2='4' tag='245'>
        <subfield code='a'>The tragedy of Macbeth;</subfield>
        <subfield code='c'>edited by Eugene M. Waith.</subfield>
      </datafield>
      <datafield ind1=' ' ind2=' ' tag='250'>
        <subfield code='a'>[Rev. ed.]</subfield>
      </datafield>
      <datafield ind1=' ' ind2=' ' tag='260'>
        <subfield code='a'>New Haven,</subfield>
        <subfield code='b'>Yale University Press</subfield>
        <subfield code='c'>[1954]</subfield>
      </datafield>
      <datafield ind1=' ' ind2=' ' tag='300'>
        <subfield code='a'>vi, 138 p.</subfield>
        <subfield code='c'>18 cm.</subfield>
      </datafield>
      <datafield ind1=' ' ind2=' ' tag='504'>
        <subfield code='a'>Bibliography: p. 138.</subfield>
      </datafield>
      <datafield ind1='0' ind2='0' tag='600'>
        <subfield code='a'>Macbeth,</subfield>
        <subfield code='c'>King of Scotland,</subfield>
        <subfield code='d'>active 11th century</subfield>
        <subfield code='v'>Drama.</subfield>
      </datafield>
      <datafield ind1='1' ind2=' ' tag='700'>
        <subfield code='a'>Waith, Eugene M.,</subfield>
        <subfield code='e'>editor.</subfield>
      </datafield>
      <datafield ind1='1' ind2=' ' tag='800'>
        <subfield code='a'>Shakespeare, William,</subfield>
        <subfield code='d'>1564-1616.</subfield>
        <subfield code='t'>Works.</subfield>
        <subfield code='f'>1921.</subfield>
        <subfield code='s'>Yale University Press.</subfield>
      </datafield>
      <datafield ind1=' ' ind2=' ' tag='907'>
        <subfield code='a'>b1065089</subfield>
      </datafield>
      <datafield ind1='9' ind2='1' tag='999'>
        <subfield code='i'>i1110563</subfield>
        <subfield code='l'>ddda</subfield>
        <subfield code='s'>-</subfield>
        <subfield code='t'>0</subfield>
        <subfield code='c'>1</subfield>
        <subfield code='o'>4</subfield>
        <subfield code='b'>00008358074</subfield>
        <subfield code='p'>090##</subfield>
        <subfield code='q'>|aPR2823.A2 W3</subfield>
      </datafield>
      <datafield ind1='0' ind2='0' tag='999'>
        <subfield code='a'>2004-10-01 00:00:00-04</subfield>
        <subfield code='c'>2004-09-27 13:10:16-04</subfield>
        <subfield code='u'>2018-01-15 13:28:24-05</subfield>
      </datafield>
  </record>