
  <record>
    <leader>00000cam a2200301   4500</leader>
      <controlfield tag='008'>901215s1961    ctua          000 0 eng  </controlfield>
      <controlfield tag='001'>306449</controlfield>
      <controlfield tag='005'>19901215000000.0</controlfield>
      <datafield ind1=' ' ind2=' ' tag='010'>
        <subfield code='a'>61006320 /L</subfield>
      </datafield>
      <datafield ind1=' ' ind2=' ' tag='040'>
        <subfield code='a'>DLC</subfield>
        <subfield code='c'>YNG</subfield>
        <subfield code='d'>OCL</subfield>
        <subfield code='d'>m.c.</subfield>
      </datafield>
      <datafield ind1=' ' ind2=' ' tag='050'>
        <subfield code='a'>PR2823</subfield>
        <subfield code='b'>.A1 1961</subfield>
      </datafield>
      <datafield ind1=' ' ind2=' ' tag='082'>
        <subfield code='a'>822.33</subfield>
      </datafield>
      <datafield ind1='1' ind2=' ' tag='100'>
        <subfield code='a'>Shakespeare, William,</subfield>
        <subfield code='d'>1564-1616.</subfield>
      </datafield>
      <datafield ind1='1' ind2='0' tag='240'>
        <subfield code='a'>Macbeth</subfield>
      </datafield>
      <datafield ind1='1' ind2='0' tag='245'>
        <subfield code='a'>Davenant&apos;s Macbeth from the Yale manuscript;</subfield>
        <subfield code='b'>an edition with a discussion of the relation of Davenant&apos;s text to Shakespeare&apos;s,</subfield>
        <subfield code='c'>by Christopher Spencer.</subfield>
      </datafield>
      <datafield ind1=' ' ind2=' ' tag='260'>
        <subfield code='a'>New Haven,</subfield>
        <subfield code='b'>Yale University Press,</subfield>
        <subfield code='c'>1961.</subfield>
      </datafield>
      <datafield ind1=' ' ind2=' ' tag='300'>
        <subfield code='a'>226 p.</subfield>
        <subfield code='b'>illus.</subfield>
        <subfield code='c'>25 cm.</subfield>
      </datafield>
      <datafield ind1='1' ind2='0' tag='600'>
        <subfield code='a'>D&apos;Avenant, William,</subfield>
        <subfield code='d'>1606-1668.</subfield>
      </datafield>
      <datafield ind1='1' ind2=' ' tag='700'>
        <subfield code='a'>Spencer, Christopher,</subfield>
        <subfield code='d'>1930-</subfield>
      </datafield>
      <datafield ind1=' ' ind2='0' tag='830'>
        <subfield code='a'>Yale studies in English ;</subfield>
        <subfield code='v'>146.</subfield>
      </datafield>
      <datafield ind1=' ' ind2=' ' tag='907'>
        <subfield code='a'>b1081104</subfield>
      </datafield>
      <datafield ind1='9' ind2='1' tag='999'>
        <subfield code='i'>i1143892</subfield>
        <subfield code='l'>ddda</subfield>
        <subfield code='s'>-</subfield>
        <subfield code='t'>0</subfield>
        <subfield code='c'>2</subfield>
        <subfield code='o'>9</subfield>
        <subfield code='b'>10000689122</subfield>
        <subfield code='p'>090##</subfield>
        <subfield code='q'>|aPR2823 .A1 1961</subfield>
      </datafield>
      <datafield ind1='0' ind2='0' tag='999'>
        <subfield code='a'>2004-10-01 00:00:00-04</subfield>
        <subfield code='c'>2004-09-27 13:12:00-04</subfield>
        <subfield code='u'>2018-01-15 13:28:25-05</subfield>
      </datafield>
  </record>