
  <record>
    <leader>00000cim  2200193I  4500</leader>
      <controlfield tag='008'>720731s1960    nyunnn         d    eng d</controlfield>
      <controlfield tag='001'>369776</controlfield>
      <controlfield tag='005'>19850325000000.0</controlfield>
      <datafield ind1='0' ind2='0' tag='028'>
        <subfield code='a'>SRS 231</subfield>
        <subfield code='b'>Shakespeare Recording Society</subfield>
      </datafield>
      <datafield ind1=' ' ind2=' ' tag='040'>
        <subfield code='a'>WSU</subfield>
        <subfield code='c'>WSU</subfield>
        <subfield code='d'>OCL</subfield>
        <subfield code='d'>NOC</subfield>
      </datafield>
      <datafield ind1='1' ind2=' ' tag='100'>
        <subfield code='a'>Shakespeare, William,</subfield>
        <subfield code='d'>1564-1616.</subfield>
      </datafield>
      <datafield ind1='1' ind2='0' tag='245'>
        <subfield code='a'>Macbeth.</subfield>
        <subfield code='h'>[sound recording]</subfield>
      </datafield>
      <datafield ind1=' ' ind2=' ' tag='260'>
        <subfield code='b'>Shakespeare Recording Society</subfield>
        <subfield code='c'>[1960]</subfield>
      </datafield>
      <datafield ind1=' ' ind2=' ' tag='300'>
        <subfield code='a'>6 s.</subfield>
        <subfield code='b'>33 1/3 rpm.; microgroove.; stereophonic.</subfield>
        <subfield code='c'>12 in.</subfield>
      </datafield>
      <datafield ind1=' ' ind2=' ' tag='500'>
        <subfield code='a'>Automatic sequence.</subfield>
      </datafield>
      <datafield ind1=' ' ind2=' ' tag='500'>
        <subfield code='a'>Analytical notes by G. B. Harrison on container; text of the play (83 p.) laid in.</subfield>
      </datafield>
      <datafield ind1=' ' ind2=' ' tag='511'>
        <subfield code='a'>Starring Anthony Quayle, in the title role, with supporting cast.</subfield>
      </datafield>
      <datafield ind1='1' ind2=' ' tag='700'>
        <subfield code='a'>Quayle, Anthony,</subfield>
        <subfield code='d'>1913-1989.</subfield>
        <subfield code='4'>prf</subfield>
      </datafield>
      <datafield ind1=' ' ind2=' ' tag='907'>
        <subfield code='a'>b1099133</subfield>
      </datafield>
      <datafield ind1='9' ind2='1' tag='999'>
        <subfield code='i'>i1178341</subfield>
        <subfield code='l'>truls</subfield>
        <subfield code='s'>o</subfield>
        <subfield code='t'>50</subfield>
        <subfield code='c'>1</subfield>
        <subfield code='o'>5</subfield>
        <subfield code='b'>00006472890</subfield>
        <subfield code='p'>099#9</subfield>
        <subfield code='q'>|a65-LP15B</subfield>
        <subfield code='n'>Ask at Media Resources Desk for assistance. Phone: (919)-962-2559. Email address: mrc@unc.edu</subfield>
      </datafield>
      <datafield ind1='0' ind2='0' tag='999'>
        <subfield code='a'>2004-10-01 00:00:00-04</subfield>
        <subfield code='c'>2004-09-27 13:14:07-04</subfield>
        <subfield code='u'>2016-09-23 13:51:36-04</subfield>
      </datafield>
  </record>