
  <record>
    <leader>00000cam  2200253I  4500</leader>
      <controlfield tag='008'>910307s1935    nyua          000 0 eng d</controlfield>
      <controlfield tag='001'>396065</controlfield>
      <controlfield tag='005'>19910321103711.8</controlfield>
      <datafield ind1=' ' ind2=' ' tag='019'>
        <subfield code='a'>4276309</subfield>
      </datafield>
      <datafield ind1=' ' ind2=' ' tag='040'>
        <subfield code='c'>YNG</subfield>
        <subfield code='d'>m.c.</subfield>
        <subfield code='d'>OCL</subfield>
        <subfield code='d'>IQW</subfield>
        <subfield code='d'>NOC</subfield>
      </datafield>
      <datafield ind1='1' ind2=' ' tag='100'>
        <subfield code='a'>Shakespeare, William,</subfield>
        <subfield code='d'>1564-1616.</subfield>
      </datafield>
      <datafield ind1='1' ind2='0' tag='245'>
        <subfield code='a'>Macbeth</subfield>
        <subfield code='c'>[by] William Shakespeare; The Emperor Jones [by] Eugene O&apos;Neill; edited by Benjamin A. Heydrick and Alfred A. May.</subfield>
      </datafield>
      <datafield ind1=' ' ind2=' ' tag='260'>
        <subfield code='a'>New York,</subfield>
        <subfield code='b'>Noble and Noble</subfield>
        <subfield code='c'>[c1935]</subfield>
      </datafield>
      <datafield ind1=' ' ind2=' ' tag='300'>
        <subfield code='a'>viii, 278 p. :</subfield>
        <subfield code='b'>ill. ;</subfield>
        <subfield code='c'>20 cm.</subfield>
      </datafield>
      <datafield ind1='1' ind2='2' tag='700'>
        <subfield code='a'>O&apos;Neill, Eugene,</subfield>
        <subfield code='d'>1888-1953.</subfield>
        <subfield code='t'>Emperor Jones.</subfield>
      </datafield>
      <datafield ind1='1' ind2=' ' tag='700'>
        <subfield code='a'>Heydrick, Benjamin A.</subfield>
        <subfield code='q'>(Benjamin Alexander),</subfield>
        <subfield code='d'>1871-</subfield>
      </datafield>
      <datafield ind1='1' ind2=' ' tag='700'>
        <subfield code='a'>May, Alfred Arundel,</subfield>
        <subfield code='d'>1879-</subfield>
      </datafield>
      <datafield ind1='4' ind2=' ' tag='740'>
        <subfield code='a'>The Emperor Jones.</subfield>
      </datafield>
      <datafield ind1=' ' ind2='0' tag='830'>
        <subfield code='a'>Noble&apos;s comparative classics.</subfield>
      </datafield>
      <datafield ind1=' ' ind2=' ' tag='907'>
        <subfield code='a'>b1105561</subfield>
      </datafield>
      <datafield ind1='9' ind2='1' tag='999'>
        <subfield code='i'>i1190087</subfield>
        <subfield code='l'>ddda</subfield>
        <subfield code='s'>-</subfield>
        <subfield code='t'>0</subfield>
        <subfield code='c'>1</subfield>
        <subfield code='o'>3</subfield>
        <subfield code='b'>00005015976</subfield>
        <subfield code='p'>090##</subfield>
        <subfield code='q'>|aPR2823.A2 H4 1935</subfield>
      </datafield>
      <datafield ind1='0' ind2='0' tag='999'>
        <subfield code='a'>2004-10-01 00:00:00-04</subfield>
        <subfield code='c'>2004-09-27 13:16:13-04</subfield>
        <subfield code='u'>2016-09-23 13:51:36-04</subfield>
      </datafield>
  </record>