
  <record>
    <leader>00000cam  2200229   4500</leader>
      <controlfield tag='008'>730719s1972    stk      b    000 0 eng  </controlfield>
      <controlfield tag='001'>679630</controlfield>
      <controlfield tag='003'>OCoLC</controlfield>
      <controlfield tag='005'>19850523000000.0</controlfield>
      <datafield ind1=' ' ind2=' ' tag='010'>
        <subfield code='a'>73162353</subfield>
      </datafield>
      <datafield ind1=' ' ind2=' ' tag='015'>
        <subfield code='a'>B73-02110</subfield>
      </datafield>
      <datafield ind1=' ' ind2=' ' tag='019'>
        <subfield code='a'>598907</subfield>
      </datafield>
      <datafield ind1=' ' ind2=' ' tag='020'>
        <subfield code='a'>0050025953</subfield>
        <subfield code='q'>(pbk.)</subfield>
      </datafield>
      <datafield ind1=' ' ind2=' ' tag='020'>
        <subfield code='a'>0050025961</subfield>
      </datafield>
      <datafield ind1=' ' ind2=' ' tag='035'>
        <subfield code='a'>(OCoLC)679630</subfield>
      </datafield>
      <datafield ind1=' ' ind2=' ' tag='040'>
        <subfield code='a'>DLC</subfield>
        <subfield code='c'>DLC</subfield>
        <subfield code='d'>m.c.</subfield>
        <subfield code='d'>OCL</subfield>
        <subfield code='d'>OBE</subfield>
        <subfield code='d'>NOC</subfield>
      </datafield>
      <datafield ind1=' ' ind2=' ' tag='082'>
        <subfield code='a'>822.3/3</subfield>
      </datafield>
      <datafield ind1='1' ind2=' ' tag='100'>
        <subfield code='a'>Shakespeare, William,</subfield>
        <subfield code='d'>1564-1616.</subfield>
      </datafield>
      <datafield ind1='1' ind2='0' tag='245'>
        <subfield code='a'>Macbeth;</subfield>
        <subfield code='c'>edited by Jay L. Halio.</subfield>
      </datafield>
      <datafield ind1=' ' ind2=' ' tag='260'>
        <subfield code='a'>Edinburgh,</subfield>
        <subfield code='b'>Oliver and Boyd,</subfield>
        <subfield code='c'>1972.</subfield>
      </datafield>
      <datafield ind1=' ' ind2=' ' tag='300'>
        <subfield code='a'>[7], 137 p.</subfield>
        <subfield code='c'>22 cm.</subfield>
      </datafield>
      <datafield ind1=' ' ind2=' ' tag='504'>
        <subfield code='a'>Bibliography: p. [118]-121.</subfield>
      </datafield>
      <datafield ind1='1' ind2=' ' tag='700'>
        <subfield code='a'>Halio, Jay L.</subfield>
      </datafield>
      <datafield ind1=' ' ind2='0' tag='830'>
        <subfield code='a'>Fountainwell drama texts ;</subfield>
        <subfield code='v'>20.</subfield>
      </datafield>
      <datafield ind1=' ' ind2=' ' tag='907'>
        <subfield code='a'>b1162688</subfield>
      </datafield>
      <datafield ind1='9' ind2='1' tag='999'>
        <subfield code='i'>i1288712</subfield>
        <subfield code='l'>ddda</subfield>
        <subfield code='s'>-</subfield>
        <subfield code='t'>0</subfield>
        <subfield code='c'>1</subfield>
        <subfield code='o'>4</subfield>
        <subfield code='b'>00008079624</subfield>
        <subfield code='p'>090##</subfield>
        <subfield code='q'>|aPR2823.A2 H32</subfield>
      </datafield>
      <datafield ind1='0' ind2='0' tag='999'>
        <subfield code='a'>2004-10-01 00:00:00-04</subfield>
        <subfield code='c'>2004-09-27 13:20:48-04</subfield>
        <subfield code='u'>2016-09-24 14:56:21-04</subfield>
      </datafield>
  </record>