
  <record>
    <leader>00000cam a2200313I  4500</leader>
      <controlfield tag='008'>910429s1966    mau           000 0 eng  </controlfield>
      <controlfield tag='001'>1360317</controlfield>
      <controlfield tag='005'>19910429000000.0</controlfield>
      <datafield ind1=' ' ind2=' ' tag='010'>
        <subfield code='a'>66007599</subfield>
      </datafield>
      <datafield ind1=' ' ind2=' ' tag='040'>
        <subfield code='a'>DLC</subfield>
        <subfield code='c'>SNN</subfield>
        <subfield code='d'>m.c.</subfield>
        <subfield code='d'>TJC</subfield>
      </datafield>
      <datafield ind1='0' ind2=' ' tag='050'>
        <subfield code='a'>PR2823.A2</subfield>
        <subfield code='b'>K6 1966</subfield>
      </datafield>
      <datafield ind1=' ' ind2=' ' tag='082'>
        <subfield code='a'>822.33</subfield>
      </datafield>
      <datafield ind1='1' ind2=' ' tag='100'>
        <subfield code='a'>Shakespeare, William,</subfield>
        <subfield code='d'>1564-1616.</subfield>
      </datafield>
      <datafield ind1='1' ind2='0' tag='240'>
        <subfield code='a'>Macbeth</subfield>
      </datafield>
      <datafield ind1='1' ind2='4' tag='245'>
        <subfield code='a'>The tragedy of Macbeth.</subfield>
        <subfield code='c'>Edited by George Lyman Kittredge. Rev. by Irving Ribner.</subfield>
      </datafield>
      <datafield ind1=' ' ind2=' ' tag='250'>
        <subfield code='a'>[2d ed.]</subfield>
      </datafield>
      <datafield ind1=' ' ind2=' ' tag='260'>
        <subfield code='a'>Waltham, Mass.,</subfield>
        <subfield code='b'>Blaisdell Pub. Co.</subfield>
        <subfield code='c'>[1966]</subfield>
      </datafield>
      <datafield ind1=' ' ind2=' ' tag='300'>
        <subfield code='a'>xvi, 101 p.</subfield>
        <subfield code='c'>21 cm.</subfield>
      </datafield>
      <datafield ind1='1' ind2=' ' tag='700'>
        <subfield code='a'>Kittredge, George Lyman,</subfield>
        <subfield code='d'>1860-1941,</subfield>
        <subfield code='e'>editor.</subfield>
      </datafield>
      <datafield ind1=' ' ind2='0' tag='830'>
        <subfield code='a'>Blaisdell book in the humanities.</subfield>
      </datafield>
      <datafield ind1=' ' ind2=' ' tag='907'>
        <subfield code='a'>b1273170</subfield>
      </datafield>
      <datafield ind1='9' ind2='1' tag='999'>
        <subfield code='i'>i1482580</subfield>
        <subfield code='l'>ddda</subfield>
        <subfield code='s'>-</subfield>
        <subfield code='t'>0</subfield>
        <subfield code='c'>3</subfield>
        <subfield code='o'>6</subfield>
        <subfield code='b'>00007053243</subfield>
        <subfield code='p'>090##</subfield>
        <subfield code='q'>|aPR2823.A2 K6 1966</subfield>
      </datafield>
      <datafield ind1='0' ind2='0' tag='999'>
        <subfield code='a'>2004-10-01 00:00:00-04</subfield>
        <subfield code='c'>2004-09-27 16:32:57-04</subfield>
        <subfield code='u'>2018-01-15 13:28:28-05</subfield>
      </datafield>
  </record>