
  <record>
    <leader>00000cam a2200241I  4500</leader>
      <controlfield tag='008'>901215s1921    vtu           000 d eng d</controlfield>
      <controlfield tag='001'>1360790</controlfield>
      <controlfield tag='005'>19901215000000.0</controlfield>
      <datafield ind1=' ' ind2=' ' tag='040'>
        <subfield code='a'>ZDG</subfield>
        <subfield code='c'>ZDG</subfield>
        <subfield code='d'>m.c.</subfield>
        <subfield code='d'>m/c</subfield>
      </datafield>
      <datafield ind1='1' ind2=' ' tag='100'>
        <subfield code='a'>Shakespeare, William,</subfield>
        <subfield code='d'>1564-1616.</subfield>
      </datafield>
      <datafield ind1='1' ind2='0' tag='240'>
        <subfield code='a'>Macbeth</subfield>
      </datafield>
      <datafield ind1='1' ind2='4' tag='245'>
        <subfield code='a'>The tragedie of Macbeth;</subfield>
        <subfield code='b'>a corrected edition of the text of the first folio of 1623,</subfield>
        <subfield code='c'>by Henry Johnson.</subfield>
      </datafield>
      <datafield ind1='3' ind2=' ' tag='246'>
        <subfield code='a'>Tragedy of Macbeth</subfield>
      </datafield>
      <datafield ind1=' ' ind2=' ' tag='260'>
        <subfield code='a'>Brattleboro, Vermont,</subfield>
        <subfield code='b'>Printed by E. L. Hildreth &amp; Company,</subfield>
        <subfield code='c'>1921.</subfield>
      </datafield>
      <datafield ind1=' ' ind2=' ' tag='300'>
        <subfield code='a'>1 v.</subfield>
        <subfield code='c'>34 cm.</subfield>
      </datafield>
      <datafield ind1='1' ind2=' ' tag='700'>
        <subfield code='a'>Johnson, Henry,</subfield>
        <subfield code='d'>1855-1918,</subfield>
        <subfield code='e'>editor.</subfield>
      </datafield>
      <datafield ind1=' ' ind2=' ' tag='907'>
        <subfield code='a'>b1273224</subfield>
      </datafield>
      <datafield ind1='9' ind2='1' tag='999'>
        <subfield code='i'>i1482665</subfield>
        <subfield code='l'>dddb</subfield>
        <subfield code='s'>-</subfield>
        <subfield code='t'>0</subfield>
        <subfield code='c'>1</subfield>
        <subfield code='o'>0</subfield>
        <subfield code='b'>HAGZ-4290-00001</subfield>
        <subfield code='p'>090##</subfield>
        <subfield code='q'>|aPR2823.A2 J6</subfield>
      </datafield>
      <datafield ind1='9' ind2='1' tag='999'>
        <subfield code='i'>i1482666</subfield>
        <subfield code='l'>dddb</subfield>
        <subfield code='s'>-</subfield>
        <subfield code='t'>0</subfield>
        <subfield code='c'>2</subfield>
        <subfield code='o'>0</subfield>
        <subfield code='b'>HAGZ-4290-00002</subfield>
        <subfield code='p'>090##</subfield>
        <subfield code='q'>|aPR2823.A2 J6</subfield>
      </datafield>
      <datafield ind1='0' ind2='0' tag='999'>
        <subfield code='a'>2004-10-01 00:00:00-04</subfield>
        <subfield code='c'>2004-09-27 16:32:57-04</subfield>
        <subfield code='u'>2018-01-15 13:28:29-05</subfield>
      </datafield>
  </record>