
  <record>
    <leader>00000cam a2200289I  4500</leader>
      <controlfield tag='008'>901215s1953    xx            000 0 eng  </controlfield>
      <controlfield tag='001'>1381658</controlfield>
      <controlfield tag='005'>19910607134521.3</controlfield>
      <datafield ind1=' ' ind2=' ' tag='010'>
        <subfield code='a'>53011996</subfield>
      </datafield>
      <datafield ind1=' ' ind2=' ' tag='019'>
        <subfield code='a'>325759</subfield>
      </datafield>
      <datafield ind1=' ' ind2=' ' tag='040'>
        <subfield code='c'>ORL</subfield>
        <subfield code='d'>m.c.</subfield>
        <subfield code='d'>OCL</subfield>
        <subfield code='d'>YNG</subfield>
      </datafield>
      <datafield ind1='0' ind2=' ' tag='050'>
        <subfield code='a'>PR2823.A2</subfield>
        <subfield code='b'>M78 1953</subfield>
      </datafield>
      <datafield ind1=' ' ind2=' ' tag='082'>
        <subfield code='a'>822.33</subfield>
      </datafield>
      <datafield ind1='1' ind2=' ' tag='100'>
        <subfield code='a'>Shakespeare, William,</subfield>
        <subfield code='d'>1564-1616.</subfield>
      </datafield>
      <datafield ind1='1' ind2='0' tag='245'>
        <subfield code='a'>Macbeth,</subfield>
        <subfield code='c'>edited by Kenneth Muir, based on the edition of Henry Cuningham.</subfield>
      </datafield>
      <datafield ind1=' ' ind2=' ' tag='250'>
        <subfield code='a'>[8th ed., rev.]</subfield>
      </datafield>
      <datafield ind1=' ' ind2=' ' tag='260'>
        <subfield code='a'>London,</subfield>
        <subfield code='b'>Methuen</subfield>
        <subfield code='c'>[1953]</subfield>
      </datafield>
      <datafield ind1=' ' ind2=' ' tag='300'>
        <subfield code='a'>lxxxiv, 200 p.</subfield>
        <subfield code='c'>23 cm.</subfield>
      </datafield>
      <datafield ind1='1' ind2=' ' tag='700'>
        <subfield code='a'>Muir, Kenneth,</subfield>
        <subfield code='e'>editor.</subfield>
      </datafield>
      <datafield ind1='1' ind2=' ' tag='800'>
        <subfield code='a'>Shakespeare, William,</subfield>
        <subfield code='d'>1564-1616.</subfield>
        <subfield code='t'>Works.</subfield>
        <subfield code='f'>1899.</subfield>
      </datafield>
      <datafield ind1=' ' ind2=' ' tag='907'>
        <subfield code='a'>b1276415</subfield>
      </datafield>
      <datafield ind1='9' ind2='1' tag='999'>
        <subfield code='i'>i1488692</subfield>
        <subfield code='l'>ddda</subfield>
        <subfield code='s'>-</subfield>
        <subfield code='t'>0</subfield>
        <subfield code='c'>1</subfield>
        <subfield code='o'>11</subfield>
        <subfield code='d'>20180606</subfield>
        <subfield code='b'>00007054340</subfield>
        <subfield code='p'>090##</subfield>
        <subfield code='q'>|aPR2823.A2 M78 1953</subfield>
      </datafield>
      <datafield ind1='0' ind2='0' tag='999'>
        <subfield code='a'>2004-10-01 00:00:00-04</subfield>
        <subfield code='c'>2004-09-27 16:33:12-04</subfield>
        <subfield code='u'>2018-01-15 13:28:29-05</subfield>
      </datafield>
  </record>