
  <record>
    <leader>00000cam  2200229Ii 4500</leader>
      <controlfield tag='008'>901215s1972    enk           000 0 eng d</controlfield>
      <controlfield tag='001'>1931072</controlfield>
      <controlfield tag='005'>19901215000000.0</controlfield>
      <datafield ind1=' ' ind2=' ' tag='019'>
        <subfield code='a'>1868895</subfield>
        <subfield code='a'>1923621</subfield>
      </datafield>
      <datafield ind1=' ' ind2=' ' tag='020'>
        <subfield code='a'>0719121612</subfield>
      </datafield>
      <datafield ind1=' ' ind2=' ' tag='040'>
        <subfield code='a'>ZXC</subfield>
        <subfield code='c'>ZXC</subfield>
        <subfield code='d'>m.c.</subfield>
        <subfield code='d'>OCL</subfield>
        <subfield code='d'>NAM</subfield>
        <subfield code='d'>GUA</subfield>
      </datafield>
      <datafield ind1='1' ind2=' ' tag='100'>
        <subfield code='a'>Shakespeare, William,</subfield>
        <subfield code='d'>1564-1616.</subfield>
      </datafield>
      <datafield ind1='1' ind2='0' tag='245'>
        <subfield code='a'>Macbeth, 1794 /</subfield>
        <subfield code='c'>[William Shakespeare ; adapted by] J. P. Kemble.</subfield>
      </datafield>
      <datafield ind1=' ' ind2=' ' tag='260'>
        <subfield code='a'>London :</subfield>
        <subfield code='b'>Cornmarket Press,</subfield>
        <subfield code='c'>1972.</subfield>
      </datafield>
      <datafield ind1=' ' ind2=' ' tag='300'>
        <subfield code='a'>[5], 64 p. ;</subfield>
        <subfield code='c'>21 cm.</subfield>
      </datafield>
      <datafield ind1=' ' ind2=' ' tag='500'>
        <subfield code='a'>Reprint of the 1794 ed. printed by C. Lowndes, London; copy in the British Museum, shelf mark: 1344 f 34.</subfield>
      </datafield>
      <datafield ind1='1' ind2=' ' tag='700'>
        <subfield code='a'>Kemble, John Philip,</subfield>
        <subfield code='d'>1757-1823.</subfield>
      </datafield>
      <datafield ind1=' ' ind2='0' tag='830'>
        <subfield code='a'>Second series of adaptations of Shakespeare&apos;s plays.</subfield>
      </datafield>
      <datafield ind1=' ' ind2=' ' tag='907'>
        <subfield code='a'>b1344468</subfield>
      </datafield>
      <datafield ind1='9' ind2='1' tag='999'>
        <subfield code='i'>i1825532</subfield>
        <subfield code='l'>ddda</subfield>
        <subfield code='s'>-</subfield>
        <subfield code='t'>0</subfield>
        <subfield code='c'>1</subfield>
        <subfield code='o'>5</subfield>
        <subfield code='b'>00008086019</subfield>
        <subfield code='p'>090##</subfield>
        <subfield code='q'>|aPR2878.M3 K45 1972</subfield>
      </datafield>
      <datafield ind1='0' ind2='0' tag='999'>
        <subfield code='a'>2004-10-01 00:00:00-04</subfield>
        <subfield code='c'>2004-09-27 18:46:33-04</subfield>
        <subfield code='u'>2016-09-26 09:54:50-04</subfield>
      </datafield>
  </record>