
  <record>
    <leader>00000cam a2200349I  4500</leader>
      <controlfield tag='008'>901027s1911    nyua          000 0 eng  </controlfield>
      <controlfield tag='001'>2171311</controlfield>
      <controlfield tag='005'>19910810135947.4</controlfield>
      <datafield ind1=' ' ind2=' ' tag='010'>
        <subfield code='a'>11032272</subfield>
      </datafield>
      <datafield ind1=' ' ind2=' ' tag='040'>
        <subfield code='a'>DLC</subfield>
        <subfield code='c'>EXN</subfield>
        <subfield code='d'>m.c.</subfield>
      </datafield>
      <datafield ind1='0' ind2=' ' tag='050'>
        <subfield code='a'>PR2754</subfield>
        <subfield code='b'>.N5 vol. 18</subfield>
      </datafield>
      <datafield ind1='1' ind2=' ' tag='100'>
        <subfield code='a'>Shakespeare, William,</subfield>
        <subfield code='d'>1564-1616.</subfield>
      </datafield>
      <datafield ind1='1' ind2='0' tag='240'>
        <subfield code='a'>Macbeth</subfield>
      </datafield>
      <datafield ind1='1' ind2='4' tag='245'>
        <subfield code='a'>The tragedy of Macbeth,</subfield>
        <subfield code='c'>ed. by Arthur C. L. Brown ...</subfield>
      </datafield>
      <datafield ind1=' ' ind2=' ' tag='260'>
        <subfield code='a'>New York,</subfield>
        <subfield code='b'>The Macmillan company,</subfield>
        <subfield code='c'>1911.</subfield>
      </datafield>
      <datafield ind1=' ' ind2=' ' tag='300'>
        <subfield code='a'>xviii, 135 p.</subfield>
        <subfield code='b'>front.</subfield>
        <subfield code='c'>15 cm.</subfield>
      </datafield>
      <datafield ind1=' ' ind2=' ' tag='500'>
        <subfield code='a'>Series title also at head of t.-p.</subfield>
      </datafield>
      <datafield ind1=' ' ind2=' ' tag='500'>
        <subfield code='a'>Title and half-title within ornamental borders.</subfield>
      </datafield>
      <datafield ind1=' ' ind2=' ' tag='500'>
        <subfield code='a'>Illustrated end-papers.</subfield>
      </datafield>
      <datafield ind1=' ' ind2=' ' tag='530'>
        <subfield code='a'>Also issued online.</subfield>
      </datafield>
      <datafield ind1='1' ind2=' ' tag='700'>
        <subfield code='a'>Brown, Arthur C. L.,</subfield>
        <subfield code='d'>1869-1946,</subfield>
        <subfield code='e'>editor.</subfield>
      </datafield>
      <datafield ind1='1' ind2=' ' tag='800'>
        <subfield code='a'>Shakespeare, William,</subfield>
        <subfield code='d'>1564-1616.</subfield>
        <subfield code='t'>Works.</subfield>
        <subfield code='f'>1911.</subfield>
        <subfield code='s'>Macmillan.</subfield>
      </datafield>
      <datafield ind1='4' ind2='1' tag='856'>
        <subfield code='u'>https://catalog.hathitrust.org/Record/001373638</subfield>
        <subfield code='y'>Full text available through HathiTrust</subfield>
      </datafield>
      <datafield ind1=' ' ind2=' ' tag='907'>
        <subfield code='a'>b1373150</subfield>
      </datafield>
      <datafield ind1='9' ind2='1' tag='999'>
        <subfield code='i'>i1875320</subfield>
        <subfield code='l'>ddda</subfield>
        <subfield code='s'>-</subfield>
        <subfield code='t'>0</subfield>
        <subfield code='c'>1</subfield>
        <subfield code='o'>4</subfield>
        <subfield code='b'>00014198931</subfield>
        <subfield code='p'>090##</subfield>
        <subfield code='q'>|aPR2754|b.N5 v. 18</subfield>
        <subfield code='v'>v.18</subfield>
      </datafield>
      <datafield ind1='9' ind2='1' tag='999'>
        <subfield code='i'>i1875321</subfield>
        <subfield code='l'>ddda</subfield>
        <subfield code='s'>-</subfield>
        <subfield code='t'>0</subfield>
        <subfield code='c'>2</subfield>
        <subfield code='o'>2</subfield>
        <subfield code='b'>00014198922</subfield>
        <subfield code='p'>090##</subfield>
        <subfield code='q'>|aPR2754|b.N5 v. 18</subfield>
        <subfield code='v'>v.18</subfield>
      </datafield>
      <datafield ind1='0' ind2='0' tag='999'>
        <subfield code='a'>2004-10-01 00:00:00-04</subfield>
        <subfield code='c'>2004-09-27 18:48:00-04</subfield>
        <subfield code='u'>2018-01-15 13:28:32-05</subfield>
      </datafield>
  </record>