
  <record>
    <leader>00000cam  2200193I  4500</leader>
      <controlfield tag='008'>901215s1962    enk           000 0 eng d</controlfield>
      <controlfield tag='001'>2628764</controlfield>
      <controlfield tag='005'>19910607134540.7</controlfield>
      <datafield ind1=' ' ind2=' ' tag='040'>
        <subfield code='c'>CSU</subfield>
        <subfield code='d'>CSU</subfield>
        <subfield code='d'>m.c.</subfield>
      </datafield>
      <datafield ind1='1' ind2=' ' tag='100'>
        <subfield code='a'>Shakespeare, William,</subfield>
        <subfield code='d'>1564-1616.</subfield>
      </datafield>
      <datafield ind1='1' ind2='0' tag='245'>
        <subfield code='a'>Macbeth.</subfield>
        <subfield code='c'>Edited by Kenneth Muir.</subfield>
      </datafield>
      <datafield ind1=' ' ind2=' ' tag='250'>
        <subfield code='a'>[9th ed.]</subfield>
      </datafield>
      <datafield ind1=' ' ind2=' ' tag='260'>
        <subfield code='a'>London,</subfield>
        <subfield code='b'>Methuen;</subfield>
        <subfield code='a'>Cambridge Mass.,</subfield>
        <subfield code='b'>Harvard University Press</subfield>
        <subfield code='c'>[c1962]</subfield>
      </datafield>
      <datafield ind1=' ' ind2=' ' tag='300'>
        <subfield code='a'>205 p.</subfield>
      </datafield>
      <datafield ind1='1' ind2=' ' tag='700'>
        <subfield code='a'>Muir, Kenneth.</subfield>
      </datafield>
      <datafield ind1=' ' ind2='0' tag='830'>
        <subfield code='a'>Arden Shakespeare.</subfield>
      </datafield>
      <datafield ind1=' ' ind2=' ' tag='907'>
        <subfield code='a'>b1417083</subfield>
      </datafield>
      <datafield ind1='9' ind2='1' tag='999'>
        <subfield code='i'>i1966802</subfield>
        <subfield code='l'>uada</subfield>
        <subfield code='s'>-</subfield>
        <subfield code='t'>0</subfield>
        <subfield code='c'>1</subfield>
        <subfield code='o'>14</subfield>
        <subfield code='b'>00008396942</subfield>
        <subfield code='p'>090##</subfield>
        <subfield code='q'>|aPR2823.A2 M78 1962</subfield>
      </datafield>
      <datafield ind1='9' ind2='1' tag='999'>
        <subfield code='i'>i1966803</subfield>
        <subfield code='l'>uada</subfield>
        <subfield code='s'>-</subfield>
        <subfield code='t'>0</subfield>
        <subfield code='c'>2</subfield>
        <subfield code='o'>25</subfield>
        <subfield code='b'>00008140273</subfield>
        <subfield code='p'>090##</subfield>
        <subfield code='q'>|aPR2823.A2 M78 1962</subfield>
      </datafield>
      <datafield ind1='9' ind2='1' tag='999'>
        <subfield code='i'>i1966804</subfield>
        <subfield code='l'>uada</subfield>
        <subfield code='s'>-</subfield>
        <subfield code='t'>0</subfield>
        <subfield code='c'>3</subfield>
        <subfield code='o'>12</subfield>
        <subfield code='b'>00007956250</subfield>
        <subfield code='p'>090##</subfield>
        <subfield code='q'>|aPR2823.A2 M78 1962</subfield>
      </datafield>
      <datafield ind1='9' ind2='1' tag='999'>
        <subfield code='i'>i1966805</subfield>
        <subfield code='l'>uada</subfield>
        <subfield code='s'>-</subfield>
        <subfield code='t'>0</subfield>
        <subfield code='c'>4</subfield>
        <subfield code='o'>24</subfield>
        <subfield code='b'>00007984407</subfield>
        <subfield code='p'>090##</subfield>
        <subfield code='q'>|aPR2823.A2 M78 1962</subfield>
      </datafield>
      <datafield ind1='0' ind2='0' tag='999'>
        <subfield code='a'>2004-10-01 00:00:00-04</subfield>
        <subfield code='c'>2004-09-28 16:06:41-04</subfield>
        <subfield code='u'>2016-09-26 13:14:15-04</subfield>
      </datafield>
  </record>