
  <record>
    <leader>00000cam a2200313I  4500</leader>
      <controlfield tag='008'>901215s1899    mau           000 1 eng c</controlfield>
      <controlfield tag='001'>2782058</controlfield>
      <controlfield tag='005'>19910620162212.5</controlfield>
      <datafield ind1=' ' ind2=' ' tag='010'>
        <subfield code='a'>a  33000619</subfield>
      </datafield>
      <datafield ind1=' ' ind2=' ' tag='040'>
        <subfield code='a'>Cincinnati. Univ. Libr.</subfield>
        <subfield code='c'>IYU</subfield>
        <subfield code='d'>OCL</subfield>
        <subfield code='d'>m.c.</subfield>
        <subfield code='d'>OCL</subfield>
      </datafield>
      <datafield ind1='0' ind2=' ' tag='050'>
        <subfield code='a'>PR2823.A2</subfield>
        <subfield code='b'>C5 1899</subfield>
      </datafield>
      <datafield ind1='1' ind2=' ' tag='100'>
        <subfield code='a'>Shakespeare, William,</subfield>
        <subfield code='d'>1564-1616.</subfield>
      </datafield>
      <datafield ind1='1' ind2='0' tag='240'>
        <subfield code='a'>Macbeth</subfield>
      </datafield>
      <datafield ind1='1' ind2='4' tag='245'>
        <subfield code='a'>The Tragedy of Macbeth,</subfield>
        <subfield code='c'>edited by E. K. Chambers.</subfield>
      </datafield>
      <datafield ind1=' ' ind2=' ' tag='260'>
        <subfield code='a'>Boston,</subfield>
        <subfield code='b'>D. C. Heath &amp; co.,</subfield>
        <subfield code='c'>1899.</subfield>
      </datafield>
      <datafield ind1=' ' ind2=' ' tag='300'>
        <subfield code='a'>188 p.</subfield>
        <subfield code='c'>17 cm.</subfield>
      </datafield>
      <datafield ind1='1' ind2=' ' tag='700'>
        <subfield code='a'>Chambers, E. K.</subfield>
        <subfield code='q'>(Edmund Kerchever),</subfield>
        <subfield code='d'>1866-1954,</subfield>
        <subfield code='e'>editor.</subfield>
      </datafield>
      <datafield ind1='1' ind2=' ' tag='800'>
        <subfield code='a'>Shakespeare, William,</subfield>
        <subfield code='d'>1564-1616.</subfield>
        <subfield code='t'>Works.</subfield>
        <subfield code='f'>1899.</subfield>
      </datafield>
      <datafield ind1=' ' ind2='0' tag='830'>
        <subfield code='a'>Heath&apos;s English classics.</subfield>
      </datafield>
      <datafield ind1=' ' ind2=' ' tag='907'>
        <subfield code='a'>b1431918</subfield>
      </datafield>
      <datafield ind1='9' ind2='1' tag='999'>
        <subfield code='i'>i2001391</subfield>
        <subfield code='l'>trln</subfield>
        <subfield code='s'>-</subfield>
        <subfield code='t'>0</subfield>
        <subfield code='c'>1</subfield>
        <subfield code='o'>0</subfield>
        <subfield code='b'>00021324041</subfield>
        <subfield code='p'>092##</subfield>
        <subfield code='q'>|a822.12 Ma3</subfield>
      </datafield>
      <datafield ind1='0' ind2='0' tag='999'>
        <subfield code='a'>2004-10-01 00:00:00-04</subfield>
        <subfield code='c'>2004-09-28 16:08:05-04</subfield>
        <subfield code='u'>2018-01-15 13:28:34-05</subfield>
      </datafield>
  </record>