
  <record>
    <leader>00000cam  2200157I  4500</leader>
      <controlfield tag='008'>901215s1889    enk           000 0 eng  </controlfield>
      <controlfield tag='001'>3265804</controlfield>
      <controlfield tag='005'>19901215000000.0</controlfield>
      <datafield ind1=' ' ind2=' ' tag='010'>
        <subfield code='a'>21015622</subfield>
      </datafield>
      <datafield ind1=' ' ind2=' ' tag='040'>
        <subfield code='a'>DLC</subfield>
        <subfield code='c'>AZU</subfield>
        <subfield code='d'>AZU</subfield>
        <subfield code='d'>m.c.</subfield>
      </datafield>
      <datafield ind1='0' ind2=' ' tag='050'>
        <subfield code='a'>PR2823.A2</subfield>
        <subfield code='b'>M8</subfield>
      </datafield>
      <datafield ind1='1' ind2=' ' tag='100'>
        <subfield code='a'>Shakespeare, William,</subfield>
        <subfield code='d'>1564-1616.</subfield>
      </datafield>
      <datafield ind1='1' ind2='0' tag='245'>
        <subfield code='a'>Macbeth.</subfield>
        <subfield code='b'>Lines pronounced corrupt restored, and mutilations before unsuspected amended, also some new renderings. With preface and notes. Also papers on Shakespeare&apos;s supposed negations and apparitions, and the temptation of Macbeth.</subfield>
        <subfield code='c'>By Matthias Mull.</subfield>
      </datafield>
      <datafield ind1=' ' ind2=' ' tag='260'>
        <subfield code='a'>London,</subfield>
        <subfield code='b'>K. Paul, Trench, &amp; Co.,</subfield>
        <subfield code='c'>1889.</subfield>
      </datafield>
      <datafield ind1=' ' ind2=' ' tag='300'>
        <subfield code='a'>cxv, 89 p.</subfield>
        <subfield code='c'>21 cm.</subfield>
      </datafield>
      <datafield ind1='1' ind2=' ' tag='700'>
        <subfield code='a'>Mull, Matthias,</subfield>
        <subfield code='d'>1820-1893.</subfield>
      </datafield>
      <datafield ind1=' ' ind2=' ' tag='907'>
        <subfield code='a'>b1480614</subfield>
      </datafield>
      <datafield ind1='9' ind2='1' tag='999'>
        <subfield code='i'>i2077759</subfield>
        <subfield code='l'>ddda</subfield>
        <subfield code='s'>-</subfield>
        <subfield code='t'>0</subfield>
        <subfield code='c'>1</subfield>
        <subfield code='o'>2</subfield>
        <subfield code='b'>10001860425</subfield>
        <subfield code='p'>090##</subfield>
        <subfield code='q'>|aPR2823.A2 M8</subfield>
      </datafield>
      <datafield ind1='0' ind2='0' tag='999'>
        <subfield code='a'>2004-10-01 00:00:00-04</subfield>
        <subfield code='c'>2004-09-28 16:12:39-04</subfield>
        <subfield code='u'>2016-09-23 09:36:03-04</subfield>
      </datafield>
  </record>