
  <record>
    <leader>00000cam a2200241I  4500</leader>
      <controlfield tag='008'>901215s1903    nyu           000 0 eng d</controlfield>
      <controlfield tag='001'>4783829</controlfield>
      <controlfield tag='005'>19910327132917.9</controlfield>
      <datafield ind1=' ' ind2=' ' tag='040'>
        <subfield code='a'>UUM</subfield>
        <subfield code='c'>UUM</subfield>
        <subfield code='d'>m.c.</subfield>
      </datafield>
      <datafield ind1='1' ind2=' ' tag='100'>
        <subfield code='a'>Shakespeare, William,</subfield>
        <subfield code='d'>1564-1616.</subfield>
      </datafield>
      <datafield ind1='1' ind2='0' tag='240'>
        <subfield code='a'>Macbeth</subfield>
      </datafield>
      <datafield ind1='1' ind2='4' tag='245'>
        <subfield code='a'>The tragedie of Macbeth;</subfield>
        <subfield code='b'>a new edition of Shakespere&apos;s works with critical text in Elizabethan English and brief notes illustrative of Elizabethan life, thought and idiom,</subfield>
        <subfield code='c'>by Mark Harvey Liddell.</subfield>
      </datafield>
      <datafield ind1='3' ind2=' ' tag='246'>
        <subfield code='a'>Tragedy of Macbeth</subfield>
      </datafield>
      <datafield ind1=' ' ind2=' ' tag='260'>
        <subfield code='a'>New York,</subfield>
        <subfield code='b'>Doubleday, Page &amp; Co.,</subfield>
        <subfield code='c'>1903.</subfield>
      </datafield>
      <datafield ind1=' ' ind2=' ' tag='300'>
        <subfield code='a'>xxxiii, 247 p.</subfield>
        <subfield code='c'>25 cm</subfield>
      </datafield>
      <datafield ind1='1' ind2=' ' tag='700'>
        <subfield code='a'>Liddell, Mark Harvey.</subfield>
      </datafield>
      <datafield ind1=' ' ind2=' ' tag='907'>
        <subfield code='a'>b1599509</subfield>
      </datafield>
      <datafield ind1='9' ind2='1' tag='999'>
        <subfield code='i'>i2272348</subfield>
        <subfield code='l'>ddda</subfield>
        <subfield code='s'>-</subfield>
        <subfield code='t'>0</subfield>
        <subfield code='c'>1</subfield>
        <subfield code='o'>4</subfield>
        <subfield code='b'>10000676724</subfield>
        <subfield code='p'>090##</subfield>
        <subfield code='q'>|aPR2823.A2 L5</subfield>
      </datafield>
      <datafield ind1='0' ind2='0' tag='999'>
        <subfield code='a'>2004-10-01 00:00:00-04</subfield>
        <subfield code='c'>2004-09-28 16:30:51-04</subfield>
        <subfield code='u'>2018-01-15 13:28:38-05</subfield>
      </datafield>
  </record>