
  <record>
    <leader>00000cam  2200193I  4500</leader>
      <controlfield tag='008'>901215s1900    nyubcf   b    000 0 eng  </controlfield>
      <controlfield tag='001'>5797647</controlfield>
      <controlfield tag='005'>19901215000000.0</controlfield>
      <datafield ind1=' ' ind2=' ' tag='010'>
        <subfield code='a'>00002889 //r</subfield>
      </datafield>
      <datafield ind1=' ' ind2=' ' tag='040'>
        <subfield code='a'>DLC</subfield>
        <subfield code='c'>CLE</subfield>
        <subfield code='d'>m.c.</subfield>
      </datafield>
      <datafield ind1=' ' ind2=' ' tag='050'>
        <subfield code='a'>PR2823.A2</subfield>
        <subfield code='b'>C7</subfield>
      </datafield>
      <datafield ind1='1' ind2=' ' tag='100'>
        <subfield code='a'>Shakespeare, William,</subfield>
        <subfield code='d'>1564-1616.</subfield>
      </datafield>
      <datafield ind1='1' ind2='0' tag='245'>
        <subfield code='a'>Macbeth,</subfield>
        <subfield code='c'>by William Shakespeare; ed., for school use, by Wilbur Lucius Cross.</subfield>
      </datafield>
      <datafield ind1=' ' ind2=' ' tag='260'>
        <subfield code='a'>New York,</subfield>
        <subfield code='a'>Chicago,</subfield>
        <subfield code='b'>Globe school book company</subfield>
        <subfield code='c'>[1900]</subfield>
      </datafield>
      <datafield ind1=' ' ind2=' ' tag='300'>
        <subfield code='a'>xxvii, 144 p.</subfield>
        <subfield code='b'>front. (port.) plates, map.</subfield>
        <subfield code='c'>19 cm.</subfield>
      </datafield>
      <datafield ind1=' ' ind2=' ' tag='504'>
        <subfield code='a'>Bibliography: p. xxvi-xxvii.</subfield>
      </datafield>
      <datafield ind1='1' ind2=' ' tag='700'>
        <subfield code='a'>Cross, Wilbur L.</subfield>
        <subfield code='q'>(Wilbur Lucius),</subfield>
        <subfield code='d'>1862-1948.</subfield>
      </datafield>
      <datafield ind1=' ' ind2='0' tag='830'>
        <subfield code='a'>English classics (Globe School Book Company).</subfield>
        <subfield code='p'>Star series.</subfield>
      </datafield>
      <datafield ind1=' ' ind2=' ' tag='907'>
        <subfield code='a'>b1661123</subfield>
      </datafield>
      <datafield ind1='9' ind2='1' tag='999'>
        <subfield code='i'>i2371626</subfield>
        <subfield code='l'>ddda</subfield>
        <subfield code='s'>-</subfield>
        <subfield code='t'>0</subfield>
        <subfield code='c'>1</subfield>
        <subfield code='o'>2</subfield>
        <subfield code='b'>10000872520</subfield>
        <subfield code='p'>090##</subfield>
        <subfield code='q'>|aPR2823.A2 C7</subfield>
      </datafield>
      <datafield ind1='0' ind2='0' tag='999'>
        <subfield code='a'>2004-10-01 00:00:00-04</subfield>
        <subfield code='c'>2004-09-29 16:56:02-04</subfield>
        <subfield code='u'>2016-09-24 20:41:04-04</subfield>
      </datafield>
  </record>