
  <record>
    <leader>00000cam a2200289I  4500</leader>
      <controlfield tag='008'>901215s1933    maua     b    000 d eng  </controlfield>
      <controlfield tag='001'>5797679</controlfield>
      <controlfield tag='005'>19901215000000.0</controlfield>
      <datafield ind1=' ' ind2=' ' tag='010'>
        <subfield code='a'>33019382</subfield>
      </datafield>
      <datafield ind1=' ' ind2=' ' tag='040'>
        <subfield code='a'>DLC</subfield>
        <subfield code='c'>CLE</subfield>
        <subfield code='d'>m.c.</subfield>
      </datafield>
      <datafield ind1=' ' ind2=' ' tag='050'>
        <subfield code='a'>PR2823.A2</subfield>
        <subfield code='b'>E3</subfield>
      </datafield>
      <datafield ind1=' ' ind2=' ' tag='082'>
        <subfield code='a'>822.33</subfield>
      </datafield>
      <datafield ind1='1' ind2=' ' tag='100'>
        <subfield code='a'>Shakespeare, William,</subfield>
        <subfield code='d'>1564-1616.</subfield>
      </datafield>
      <datafield ind1='1' ind2='0' tag='240'>
        <subfield code='a'>Macbeth</subfield>
      </datafield>
      <datafield ind1='1' ind2='0' tag='245'>
        <subfield code='a'>Shakespeare&apos;s The tragedy of Macbeth,</subfield>
        <subfield code='c'>edited by Harold T. Eaton.</subfield>
      </datafield>
      <datafield ind1=' ' ind2=' ' tag='260'>
        <subfield code='a'>Boston,</subfield>
        <subfield code='a'>New York [etc.]</subfield>
        <subfield code='b'>D.C. Heath and company</subfield>
        <subfield code='c'>[c1933]</subfield>
      </datafield>
      <datafield ind1=' ' ind2=' ' tag='300'>
        <subfield code='a'>lxxxiv, 153 p.</subfield>
        <subfield code='b'>front., illus.</subfield>
        <subfield code='c'>17 cm.</subfield>
      </datafield>
      <datafield ind1=' ' ind2=' ' tag='504'>
        <subfield code='a'>Bibliography: p. 149-153.</subfield>
      </datafield>
      <datafield ind1='1' ind2=' ' tag='700'>
        <subfield code='a'>Eaton, Harold T.</subfield>
        <subfield code='q'>(Harold Thomas),</subfield>
        <subfield code='d'>1894-</subfield>
        <subfield code='e'>editor.</subfield>
      </datafield>
      <datafield ind1=' ' ind2='0' tag='830'>
        <subfield code='a'>Golden key series.</subfield>
      </datafield>
      <datafield ind1=' ' ind2=' ' tag='907'>
        <subfield code='a'>b1661126</subfield>
      </datafield>
      <datafield ind1='9' ind2='1' tag='999'>
        <subfield code='i'>i2371629</subfield>
        <subfield code='l'>ddda</subfield>
        <subfield code='s'>-</subfield>
        <subfield code='t'>0</subfield>
        <subfield code='c'>1</subfield>
        <subfield code='o'>5</subfield>
        <subfield code='b'>00007067078</subfield>
        <subfield code='p'>090##</subfield>
        <subfield code='q'>|aPR2823.A2 E3</subfield>
      </datafield>
      <datafield ind1='0' ind2='0' tag='999'>
        <subfield code='a'>2004-10-01 00:00:00-04</subfield>
        <subfield code='c'>2004-09-29 16:56:02-04</subfield>
        <subfield code='u'>2018-01-15 13:28:41-05</subfield>
      </datafield>
  </record>