
  <record>
    <leader>00000cam a2200277I  4500</leader>
      <controlfield tag='008'>901215s1904    nyuc          000 0 eng  </controlfield>
      <controlfield tag='001'>5797687</controlfield>
      <controlfield tag='005'>19901215000000.0</controlfield>
      <datafield ind1=' ' ind2=' ' tag='010'>
        <subfield code='a'>04021678</subfield>
      </datafield>
      <datafield ind1=' ' ind2=' ' tag='040'>
        <subfield code='a'>DLC</subfield>
        <subfield code='c'>CLE</subfield>
        <subfield code='d'>m.c.</subfield>
      </datafield>
      <datafield ind1=' ' ind2=' ' tag='050'>
        <subfield code='a'>PR2753</subfield>
        <subfield code='b'>.P6 vol.18</subfield>
      </datafield>
      <datafield ind1='1' ind2=' ' tag='100'>
        <subfield code='a'>Shakespeare, William,</subfield>
        <subfield code='d'>1564-1616.</subfield>
      </datafield>
      <datafield ind1='1' ind2='0' tag='240'>
        <subfield code='a'>Macbeth</subfield>
      </datafield>
      <datafield ind1='1' ind2='4' tag='245'>
        <subfield code='a'>The tragedie of Macbeth,</subfield>
        <subfield code='c'>by William Shakespeare; ed., with notes, introduction, glossary, list of variorum readings, and selected criticism, by Charlotte Porter and Helen A. Clarke.</subfield>
      </datafield>
      <datafield ind1=' ' ind2=' ' tag='250'>
        <subfield code='a'>[First folio ed.]</subfield>
      </datafield>
      <datafield ind1=' ' ind2=' ' tag='260'>
        <subfield code='a'>New York,</subfield>
        <subfield code='b'>T.Y. Crowell &amp; co.</subfield>
        <subfield code='c'>[c1904]</subfield>
      </datafield>
      <datafield ind1=' ' ind2=' ' tag='300'>
        <subfield code='a'>3 p. ℓ., v-xxxviii, 284 p.</subfield>
        <subfield code='b'>front. (port.)</subfield>
        <subfield code='c'>17 cm.</subfield>
      </datafield>
      <datafield ind1=' ' ind2=' ' tag='500'>
        <subfield code='a'>Added t.-p. with ornamental border.</subfield>
      </datafield>
      <datafield ind1='1' ind2=' ' tag='700'>
        <subfield code='a'>Porter, Charlotte</subfield>
        <subfield code='q'>(Charlotte Endymion),</subfield>
        <subfield code='d'>1857-1942,</subfield>
        <subfield code='e'>editor.</subfield>
      </datafield>
      <datafield ind1='1' ind2=' ' tag='700'>
        <subfield code='a'>Clarke, Helen A.</subfield>
        <subfield code='q'>(Helen Archibald),</subfield>
        <subfield code='d'>1860-1926,</subfield>
        <subfield code='e'>editor.</subfield>
      </datafield>
      <datafield ind1=' ' ind2=' ' tag='907'>
        <subfield code='a'>b1661127</subfield>
      </datafield>
      <datafield ind1='9' ind2='1' tag='999'>
        <subfield code='i'>i2371630</subfield>
        <subfield code='l'>ddda</subfield>
        <subfield code='s'>-</subfield>
        <subfield code='t'>0</subfield>
        <subfield code='c'>1</subfield>
        <subfield code='o'>3</subfield>
        <subfield code='b'>10001561105</subfield>
        <subfield code='p'>090##</subfield>
        <subfield code='q'>|aPR2823.A2 P67</subfield>
      </datafield>
      <datafield ind1='0' ind2='0' tag='999'>
        <subfield code='a'>2004-10-01 00:00:00-04</subfield>
        <subfield code='c'>2004-09-29 16:56:02-04</subfield>
        <subfield code='u'>2018-01-15 13:28:42-05</subfield>
      </datafield>
  </record>