
  <record>
    <leader>00000cam a2200229I  4500</leader>
      <controlfield tag='008'>901215s1889    nyuab         000 d eng d</controlfield>
      <controlfield tag='001'>6509123</controlfield>
      <controlfield tag='005'>19901215000000.0</controlfield>
      <datafield ind1=' ' ind2=' ' tag='040'>
        <subfield code='a'>TXA</subfield>
        <subfield code='c'>TXA</subfield>
        <subfield code='d'>m.c.</subfield>
      </datafield>
      <datafield ind1='1' ind2=' ' tag='100'>
        <subfield code='a'>Shakespeare, William,</subfield>
        <subfield code='d'>1564-1616.</subfield>
      </datafield>
      <datafield ind1='1' ind2='0' tag='240'>
        <subfield code='a'>Macbeth</subfield>
      </datafield>
      <datafield ind1='1' ind2='0' tag='245'>
        <subfield code='a'>Shakespeare&apos;s tragedy of Macbeth.</subfield>
        <subfield code='c'>Ed., with notes, by Homer B. Sprague ... With critical comments, elocutionary analysis with suggestions for expressive reading, plans for the study of English literature, and specimens of examinaton papers.</subfield>
      </datafield>
      <datafield ind1=' ' ind2=' ' tag='260'>
        <subfield code='a'>New-York,</subfield>
        <subfield code='a'>Boston [etc.]</subfield>
        <subfield code='b'>Silver, Burdett &amp; co.</subfield>
        <subfield code='c'>[c1889]</subfield>
      </datafield>
      <datafield ind1=' ' ind2=' ' tag='300'>
        <subfield code='a'>237 p.</subfield>
        <subfield code='b'>1 illus. (map.)</subfield>
        <subfield code='c'>19 cm.</subfield>
      </datafield>
      <datafield ind1='1' ind2=' ' tag='700'>
        <subfield code='a'>Sprague, Homer B.</subfield>
        <subfield code='q'>(Homer Baxter),</subfield>
        <subfield code='d'>1829-1918,</subfield>
        <subfield code='e'>editor.</subfield>
      </datafield>
      <datafield ind1=' ' ind2=' ' tag='907'>
        <subfield code='a'>b1705584</subfield>
      </datafield>
      <datafield ind1='9' ind2='1' tag='999'>
        <subfield code='i'>i2444269</subfield>
        <subfield code='l'>ddda</subfield>
        <subfield code='s'>-</subfield>
        <subfield code='t'>0</subfield>
        <subfield code='c'>1</subfield>
        <subfield code='o'>1</subfield>
        <subfield code='b'>00008357048</subfield>
        <subfield code='p'>090##</subfield>
        <subfield code='q'>|aPR2823.A2 S6 1889a</subfield>
      </datafield>
      <datafield ind1='0' ind2='0' tag='999'>
        <subfield code='a'>2004-10-01 00:00:00-04</subfield>
        <subfield code='c'>2004-09-30 09:05:38-04</subfield>
        <subfield code='u'>2018-01-15 13:28:43-05</subfield>
      </datafield>
  </record>