
  <record>
    <leader>00000cam a2200253Ii 4500</leader>
      <controlfield tag='008'>901215s1932    nyua          000 d eng d</controlfield>
      <controlfield tag='001'>6714622</controlfield>
      <controlfield tag='005'>19901215000000.0</controlfield>
      <datafield ind1=' ' ind2=' ' tag='040'>
        <subfield code='a'>TOL</subfield>
        <subfield code='c'>TOL</subfield>
        <subfield code='d'>m.c.</subfield>
      </datafield>
      <datafield ind1='1' ind2=' ' tag='100'>
        <subfield code='a'>Shakespeare, William,</subfield>
        <subfield code='d'>1564-1616.</subfield>
      </datafield>
      <datafield ind1='1' ind2='0' tag='240'>
        <subfield code='a'>Macbeth</subfield>
      </datafield>
      <datafield ind1='1' ind2='4' tag='245'>
        <subfield code='a'>The tragedy of Macbeth /</subfield>
        <subfield code='c'>edited by G. B. Harrison and F. H. Pritchard ; American ed. prepared by Essie Chamberlain.</subfield>
      </datafield>
      <datafield ind1=' ' ind2=' ' tag='260'>
        <subfield code='a'>New York :</subfield>
        <subfield code='b'>Holt,</subfield>
        <subfield code='c'>c1932.</subfield>
      </datafield>
      <datafield ind1=' ' ind2=' ' tag='300'>
        <subfield code='a'>xiv, 184 p., [5] leaves of plates :</subfield>
        <subfield code='b'>ill. ;</subfield>
        <subfield code='c'>18 cm.</subfield>
      </datafield>
      <datafield ind1='1' ind2=' ' tag='700'>
        <subfield code='a'>Harrison, G. B.</subfield>
        <subfield code='q'>(George Bagshawe),</subfield>
        <subfield code='d'>1894-1991,</subfield>
        <subfield code='e'>editor.</subfield>
      </datafield>
      <datafield ind1='1' ind2=' ' tag='700'>
        <subfield code='a'>Pritchard, F. H.,</subfield>
        <subfield code='e'>editor.</subfield>
      </datafield>
      <datafield ind1='1' ind2=' ' tag='700'>
        <subfield code='a'>Chamberlain, Essie,</subfield>
        <subfield code='e'>editor.</subfield>
      </datafield>
      <datafield ind1=' ' ind2=' ' tag='907'>
        <subfield code='a'>b1718548</subfield>
      </datafield>
      <datafield ind1='9' ind2='1' tag='999'>
        <subfield code='i'>i2464039</subfield>
        <subfield code='l'>ddda</subfield>
        <subfield code='s'>-</subfield>
        <subfield code='t'>0</subfield>
        <subfield code='c'>1</subfield>
        <subfield code='o'>1</subfield>
        <subfield code='b'>00014206815</subfield>
        <subfield code='p'>090##</subfield>
        <subfield code='q'>|aPR2823.A2 H37</subfield>
      </datafield>
      <datafield ind1='0' ind2='0' tag='999'>
        <subfield code='a'>2004-10-01 00:00:00-04</subfield>
        <subfield code='c'>2004-09-30 09:07:00-04</subfield>
        <subfield code='u'>2018-01-15 13:28:43-05</subfield>
      </datafield>
  </record>