
  <record>
    <leader>00000cam a2200313I  4500</leader>
      <controlfield tag='008'>901215s1909    fr a          000 d fre  </controlfield>
      <controlfield tag='001'>7509878</controlfield>
      <controlfield tag='005'>19901215000000.0</controlfield>
      <datafield ind1=' ' ind2=' ' tag='010'>
        <subfield code='a'>21011236</subfield>
      </datafield>
      <datafield ind1=' ' ind2=' ' tag='040'>
        <subfield code='a'>DLC</subfield>
        <subfield code='c'>SER</subfield>
        <subfield code='d'>SER</subfield>
        <subfield code='d'>m/c</subfield>
      </datafield>
      <datafield ind1='1' ind2=' ' tag='041'>
        <subfield code='a'>fre</subfield>
        <subfield code='h'>eng</subfield>
      </datafield>
      <datafield ind1='0' ind2=' ' tag='050'>
        <subfield code='a'>PR2779.M3</subfield>
        <subfield code='b'>M3 1909</subfield>
      </datafield>
      <datafield ind1='1' ind2=' ' tag='100'>
        <subfield code='a'>Shakespeare, William,</subfield>
        <subfield code='d'>1564-1616.</subfield>
      </datafield>
      <datafield ind1='1' ind2='0' tag='245'>
        <subfield code='a'>Macbeth,</subfield>
        <subfield code='c'>par W. Shakespeare; traduction nouvelle de Maurice Mæterlinck ...</subfield>
      </datafield>
      <datafield ind1=' ' ind2=' ' tag='260'>
        <subfield code='a'>[Paris,</subfield>
        <subfield code='b'>Impr. de L&apos;Illustration]</subfield>
        <subfield code='c'>c1909.</subfield>
      </datafield>
      <datafield ind1=' ' ind2=' ' tag='300'>
        <subfield code='a'>23, [1] p.</subfield>
        <subfield code='b'>illus.</subfield>
        <subfield code='c'>29 cm.</subfield>
      </datafield>
      <datafield ind1=' ' ind2=' ' tag='500'>
        <subfield code='a'>Title vignettes (portraits)</subfield>
      </datafield>
      <datafield ind1=' ' ind2=' ' tag='500'>
        <subfield code='a'>The inside of the covers contains: Macbet, à l&apos;Abbaye de Saint-Wandrille (signed: Gaston Sorbets)</subfield>
      </datafield>
      <datafield ind1='2' ind2='0' tag='610'>
        <subfield code='a'>Abbaye de Saint-Wandrille.</subfield>
      </datafield>
      <datafield ind1='1' ind2=' ' tag='700'>
        <subfield code='a'>Maeterlinck, Maurice,</subfield>
        <subfield code='d'>1862-1949,</subfield>
        <subfield code='e'>translator.</subfield>
      </datafield>
      <datafield ind1='1' ind2=' ' tag='700'>
        <subfield code='a'>Sorbets, Gaston,</subfield>
        <subfield code='e'>inscriber.</subfield>
      </datafield>
      <datafield ind1=' ' ind2='0' tag='830'>
        <subfield code='a'>Illustration théâtrale ;</subfield>
        <subfield code='v'>no. 123.</subfield>
      </datafield>
      <datafield ind1=' ' ind2=' ' tag='907'>
        <subfield code='a'>b1765741</subfield>
      </datafield>
      <datafield ind1='9' ind2='1' tag='999'>
        <subfield code='i'>i2541261</subfield>
        <subfield code='l'>ddda</subfield>
        <subfield code='s'>-</subfield>
        <subfield code='t'>0</subfield>
        <subfield code='c'>1</subfield>
        <subfield code='o'>0</subfield>
        <subfield code='b'>HAJC-4380-00001</subfield>
        <subfield code='p'>090##</subfield>
        <subfield code='q'>|aPR2779.M3 M3 1909</subfield>
      </datafield>
      <datafield ind1='0' ind2='0' tag='999'>
        <subfield code='a'>2004-10-01 00:00:00-04</subfield>
        <subfield code='c'>2004-09-30 09:13:19-04</subfield>
        <subfield code='u'>2018-01-15 13:28:44-05</subfield>
      </datafield>
  </record>