
  <record>
    <leader>00000cam a2200277 a 4500</leader>
      <controlfield tag='008'>920413s1980    enk           000 d eng d</controlfield>
      <controlfield tag='001'>7912967</controlfield>
      <controlfield tag='005'>19920413000000.0</controlfield>
      <datafield ind1=' ' ind2=' ' tag='015'>
        <subfield code='a'>GB84-40480</subfield>
      </datafield>
      <datafield ind1=' ' ind2=' ' tag='020'>
        <subfield code='a'>0424000814 (pbk) :</subfield>
        <subfield code='c'>£2.00</subfield>
      </datafield>
      <datafield ind1=' ' ind2=' ' tag='040'>
        <subfield code='a'>UKM</subfield>
        <subfield code='c'>UKM</subfield>
        <subfield code='d'>m/c</subfield>
        <subfield code='d'>NOC</subfield>
      </datafield>
      <datafield ind1='0' ind2=' ' tag='082'>
        <subfield code='a'>822.3/3</subfield>
        <subfield code='2'>19</subfield>
      </datafield>
      <datafield ind1='1' ind2=' ' tag='100'>
        <subfield code='a'>Shakespeare, William,</subfield>
        <subfield code='d'>1564-1616.</subfield>
      </datafield>
      <datafield ind1='1' ind2='0' tag='240'>
        <subfield code='a'>Macbeth</subfield>
      </datafield>
      <datafield ind1='1' ind2='4' tag='245'>
        <subfield code='a'>The tragedy of Macbeth /</subfield>
        <subfield code='c'>William Shakespeare ; edited by A.P. Riemer.</subfield>
      </datafield>
      <datafield ind1=' ' ind2=' ' tag='260'>
        <subfield code='a'>[Sydney] :</subfield>
        <subfield code='b'>Sydney University Press ;</subfield>
        <subfield code='a'>Tunbridge Wells :</subfield>
        <subfield code='b'>Abacus [distributor],</subfield>
        <subfield code='c'>1980.</subfield>
      </datafield>
      <datafield ind1=' ' ind2=' ' tag='300'>
        <subfield code='a'>124 p. ;</subfield>
        <subfield code='c'>19 cm.</subfield>
      </datafield>
      <datafield ind1='1' ind2=' ' tag='700'>
        <subfield code='a'>Riemer, A. P.,</subfield>
        <subfield code='e'>editor.</subfield>
      </datafield>
      <datafield ind1=' ' ind2='0' tag='830'>
        <subfield code='a'>Challis Shakespeare.</subfield>
      </datafield>
      <datafield ind1=' ' ind2=' ' tag='907'>
        <subfield code='a'>b1791891</subfield>
      </datafield>
      <datafield ind1='9' ind2='1' tag='999'>
        <subfield code='i'>i2583205</subfield>
        <subfield code='l'>ddda</subfield>
        <subfield code='s'>-</subfield>
        <subfield code='t'>0</subfield>
        <subfield code='c'>1</subfield>
        <subfield code='o'>19</subfield>
        <subfield code='b'>00006988021</subfield>
        <subfield code='p'>090##</subfield>
        <subfield code='q'>|aPR2823.A2 R45 1980</subfield>
      </datafield>
      <datafield ind1='0' ind2='0' tag='999'>
        <subfield code='a'>2004-10-01 00:00:00-04</subfield>
        <subfield code='c'>2004-09-30 09:16:13-04</subfield>
        <subfield code='u'>2018-01-15 13:28:45-05</subfield>
      </datafield>
  </record>