
  <record>
    <leader>00000cam a2200325Ia 4500</leader>
      <controlfield tag='008'>820802s1978    fr            000 0 fre d</controlfield>
      <controlfield tag='001'>8649678</controlfield>
      <controlfield tag='005'>19820802000000.0</controlfield>
      <datafield ind1=' ' ind2=' ' tag='020'>
        <subfield code='a'>2718601124</subfield>
      </datafield>
      <datafield ind1=' ' ind2=' ' tag='040'>
        <subfield code='a'>NOC</subfield>
        <subfield code='c'>NOC</subfield>
      </datafield>
      <datafield ind1='1' ind2=' ' tag='041'>
        <subfield code='a'>fre</subfield>
        <subfield code='h'>eng</subfield>
      </datafield>
      <datafield ind1='1' ind2=' ' tag='100'>
        <subfield code='a'>Shakespeare, William,</subfield>
        <subfield code='d'>1564-1616.</subfield>
      </datafield>
      <datafield ind1='1' ind2='0' tag='240'>
        <subfield code='a'>Hamlet.</subfield>
        <subfield code='l'>French</subfield>
      </datafield>
      <datafield ind1='1' ind2='0' tag='245'>
        <subfield code='a'>Pour Shakespeare :</subfield>
        <subfield code='b'>Hamlet, Macbeth /</subfield>
        <subfield code='c'>Vercors.</subfield>
      </datafield>
      <datafield ind1=' ' ind2=' ' tag='260'>
        <subfield code='a'>Paris :</subfield>
        <subfield code='b'>Éditions Galilée,</subfield>
        <subfield code='c'>1978.</subfield>
      </datafield>
      <datafield ind1=' ' ind2=' ' tag='300'>
        <subfield code='a'>281 p. ;</subfield>
        <subfield code='c'>22 cm.</subfield>
      </datafield>
      <datafield ind1=' ' ind2=' ' tag='500'>
        <subfield code='a'>Translations of: Hamlet, Macbeth.</subfield>
      </datafield>
      <datafield ind1='0' ind2=' ' tag='700'>
        <subfield code='a'>Vercors,</subfield>
        <subfield code='d'>1902-1991.</subfield>
      </datafield>
      <datafield ind1='1' ind2='2' tag='700'>
        <subfield code='a'>Shakespeare, William,</subfield>
        <subfield code='d'>1564-1616.</subfield>
        <subfield code='t'>Hamlet.</subfield>
        <subfield code='l'>French.</subfield>
        <subfield code='f'>1978.</subfield>
      </datafield>
      <datafield ind1='1' ind2='2' tag='700'>
        <subfield code='a'>Shakespeare, William,</subfield>
        <subfield code='d'>1564-1616.</subfield>
        <subfield code='t'>Macbeth.</subfield>
        <subfield code='l'>French.</subfield>
        <subfield code='f'>1978.</subfield>
      </datafield>
      <datafield ind1='0' ind2=' ' tag='800'>
        <subfield code='a'>Vercors,</subfield>
        <subfield code='d'>1902-1991.</subfield>
        <subfield code='t'>Plays ;</subfield>
        <subfield code='v'>2.</subfield>
      </datafield>
      <datafield ind1=' ' ind2='0' tag='830'>
        <subfield code='a'>Théâtre/rupture.</subfield>
      </datafield>
      <datafield ind1=' ' ind2=' ' tag='907'>
        <subfield code='a'>b1839413</subfield>
      </datafield>
      <datafield ind1='9' ind2='1' tag='999'>
        <subfield code='i'>i2658454</subfield>
        <subfield code='l'>ddda</subfield>
        <subfield code='s'>-</subfield>
        <subfield code='t'>0</subfield>
        <subfield code='c'>1</subfield>
        <subfield code='o'>2</subfield>
        <subfield code='b'>10002108862</subfield>
        <subfield code='p'>090##</subfield>
        <subfield code='q'>|aPR2779.H3 V47 1978</subfield>
      </datafield>
      <datafield ind1='0' ind2='0' tag='999'>
        <subfield code='a'>2004-10-01 00:00:00-04</subfield>
        <subfield code='c'>2004-09-30 09:25:57-04</subfield>
        <subfield code='u'>2017-11-15 15:38:30-05</subfield>
      </datafield>
  </record>