
  <record>
    <leader>00000cam a2200265K  4500</leader>
      <controlfield tag='008'>901215s1922    it bcf   b    000 d ita d</controlfield>
      <controlfield tag='001'>8793339</controlfield>
      <controlfield tag='005'>19901215000000.0</controlfield>
      <datafield ind1=' ' ind2=' ' tag='040'>
        <subfield code='a'>PLF</subfield>
        <subfield code='c'>PLF</subfield>
      </datafield>
      <datafield ind1='1' ind2=' ' tag='041'>
        <subfield code='a'>ita</subfield>
        <subfield code='h'>eng</subfield>
      </datafield>
      <datafield ind1='1' ind2=' ' tag='100'>
        <subfield code='a'>Shakespeare, William,</subfield>
        <subfield code='d'>1564-1616.</subfield>
      </datafield>
      <datafield ind1='1' ind2='0' tag='240'>
        <subfield code='a'>Macbeth.</subfield>
        <subfield code='l'>Italian</subfield>
      </datafield>
      <datafield ind1='1' ind2='3' tag='245'>
        <subfield code='a'>La tragedia di Macbeth;</subfield>
        <subfield code='b'>testo italiano conforme all&apos;originale inglese,</subfield>
        <subfield code='c'>note ed appendice di Alessandro de Stefani ...</subfield>
      </datafield>
      <datafield ind1=' ' ind2=' ' tag='260'>
        <subfield code='a'>Torino,</subfield>
        <subfield code='b'>Bocca,</subfield>
        <subfield code='c'>1922.</subfield>
      </datafield>
      <datafield ind1=' ' ind2=' ' tag='300'>
        <subfield code='a'>510 p.,</subfield>
        <subfield code='b'>por., pl., map.</subfield>
      </datafield>
      <datafield ind1=' ' ind2=' ' tag='504'>
        <subfield code='a'>&quot;Bibliografia&quot;, p. 501-510.</subfield>
      </datafield>
      <datafield ind1='1' ind2=' ' tag='700'>
        <subfield code='a'>De Stefani, Alessandro,</subfield>
        <subfield code='d'>1891-1970,</subfield>
        <subfield code='e'>translator.</subfield>
      </datafield>
      <datafield ind1='2' ind2=' ' tag='710'>
        <subfield code='a'>Fratelli Bocca,</subfield>
        <subfield code='e'>publisher.</subfield>
      </datafield>
      <datafield ind1=' ' ind2=' ' tag='752'>
        <subfield code='a'>Italy</subfield>
        <subfield code='d'>Turin.</subfield>
        <subfield code='2'>naf</subfield>
      </datafield>
      <datafield ind1=' ' ind2=' ' tag='907'>
        <subfield code='a'>b1848705</subfield>
      </datafield>
      <datafield ind1='9' ind2='1' tag='999'>
        <subfield code='i'>i2672385</subfield>
        <subfield code='l'>ddda</subfield>
        <subfield code='s'>-</subfield>
        <subfield code='t'>0</subfield>
        <subfield code='c'>1</subfield>
        <subfield code='o'>0</subfield>
        <subfield code='b'>HAJL-7862-00001</subfield>
        <subfield code='p'>090##</subfield>
        <subfield code='q'>|aPR2784.M3 S84</subfield>
      </datafield>
      <datafield ind1='0' ind2='0' tag='999'>
        <subfield code='a'>2004-10-01 00:00:00-04</subfield>
        <subfield code='c'>2004-09-30 09:27:28-04</subfield>
        <subfield code='u'>2018-01-15 13:28:47-05</subfield>
      </datafield>
  </record>