
  <record>
    <leader>00000cam a2200241Ii 4500</leader>
      <controlfield tag='008'>901027r19401623cau           000 0 eng  </controlfield>
      <controlfield tag='001'>9106823</controlfield>
      <controlfield tag='005'>19910423202007.3</controlfield>
      <datafield ind1=' ' ind2=' ' tag='010'>
        <subfield code='a'>40028727</subfield>
      </datafield>
      <datafield ind1=' ' ind2=' ' tag='040'>
        <subfield code='a'>DLC</subfield>
        <subfield code='c'>OUN</subfield>
        <subfield code='d'>m/c</subfield>
        <subfield code='d'>SER</subfield>
      </datafield>
      <datafield ind1='0' ind2=' ' tag='050'>
        <subfield code='a'>PR2751</subfield>
        <subfield code='b'>.A15 1940</subfield>
      </datafield>
      <datafield ind1='1' ind2=' ' tag='100'>
        <subfield code='a'>Shakespeare, William,</subfield>
        <subfield code='d'>1564-1616.</subfield>
      </datafield>
      <datafield ind1='1' ind2='0' tag='245'>
        <subfield code='a'>Facsimile reproduction of First folio, 1623 :</subfield>
        <subfield code='b'>Twelfe night, Macbeth, Antonie and Cleopatra /</subfield>
        <subfield code='c'>Prepared by the personnel of the Work projects administration, Project no. 655-08-3-236. A. Yedidia, supervisor. P. Radin, editor. This publication is sponsored by the California State library.</subfield>
      </datafield>
      <datafield ind1=' ' ind2=' ' tag='260'>
        <subfield code='a'>San Francisco,</subfield>
        <subfield code='c'>1940.</subfield>
      </datafield>
      <datafield ind1=' ' ind2=' ' tag='300'>
        <subfield code='a'>255-275, 131-151, 341-368 p. ;</subfield>
        <subfield code='c'>27 cm.</subfield>
      </datafield>
      <datafield ind1=' ' ind2=' ' tag='500'>
        <subfield code='a'>Printed on one side of leaf only.</subfield>
      </datafield>
      <datafield ind1='2' ind2=' ' tag='710'>
        <subfield code='a'>Sutro Library.</subfield>
      </datafield>
      <datafield ind1='1' ind2=' ' tag='710'>
        <subfield code='a'>United States.</subfield>
        <subfield code='b'>Work Projects Administration (Calif.)</subfield>
      </datafield>
      <datafield ind1='1' ind2=' ' tag='710'>
        <subfield code='a'>United States.</subfield>
        <subfield code='b'>National Youth Administration.</subfield>
        <subfield code='b'>State of California.</subfield>
      </datafield>
      <datafield ind1=' ' ind2=' ' tag='907'>
        <subfield code='a'>b1865983</subfield>
      </datafield>
      <datafield ind1='9' ind2='1' tag='999'>
        <subfield code='i'>i2698615</subfield>
        <subfield code='l'>ddda</subfield>
        <subfield code='s'>-</subfield>
        <subfield code='t'>0</subfield>
        <subfield code='c'>1</subfield>
        <subfield code='o'>1</subfield>
        <subfield code='b'>10001945709</subfield>
        <subfield code='p'>090##</subfield>
        <subfield code='q'>|aPR2751 .A15 1940</subfield>
      </datafield>
      <datafield ind1='0' ind2='0' tag='999'>
        <subfield code='a'>2004-10-01 00:00:00-04</subfield>
        <subfield code='c'>2004-09-30 09:29:47-04</subfield>
        <subfield code='u'>2014-04-13 15:00:39-04</subfield>
      </datafield>
  </record>