
  <record>
    <leader>00000cam a2200337Ia 4500</leader>
      <controlfield tag='008'>860122s1982    enka          000 0 eng d</controlfield>
      <controlfield tag='001'>9342806</controlfield>
      <controlfield tag='005'>19860122000000.0</controlfield>
      <datafield ind1=' ' ind2=' ' tag='019'>
        <subfield code='a'>9244207</subfield>
      </datafield>
      <datafield ind1=' ' ind2=' ' tag='020'>
        <subfield code='a'>0283988886</subfield>
      </datafield>
      <datafield ind1=' ' ind2=' ' tag='020'>
        <subfield code='a'>0283989068 (pbk.)</subfield>
      </datafield>
      <datafield ind1=' ' ind2=' ' tag='040'>
        <subfield code='a'>EEM</subfield>
        <subfield code='c'>EEM</subfield>
        <subfield code='d'>OCL</subfield>
        <subfield code='d'>EUT</subfield>
        <subfield code='d'>NOC</subfield>
      </datafield>
      <datafield ind1='1' ind2=' ' tag='100'>
        <subfield code='a'>Shakespeare, William,</subfield>
        <subfield code='d'>1564-1616.</subfield>
      </datafield>
      <datafield ind1='1' ind2='0' tag='245'>
        <subfield code='a'>Macbeth :</subfield>
        <subfield code='b'>the first folio /</subfield>
        <subfield code='c'>William Shakespeare ; illustrated by Von ; [edited by Anne Tauté].</subfield>
      </datafield>
      <datafield ind1=' ' ind2='1' tag='264'>
        <subfield code='a'>London :</subfield>
        <subfield code='b'>Oval Projects,</subfield>
        <subfield code='c'>1982.</subfield>
      </datafield>
      <datafield ind1=' ' ind2='2' tag='264'>
        <subfield code='a'>London :</subfield>
        <subfield code='b'>Sidgwick &amp; Jackson.</subfield>
      </datafield>
      <datafield ind1=' ' ind2='3' tag='264'>
        <subfield code='a'>Hong Kong :</subfield>
        <subfield code='b'>Mandarin Offset.</subfield>
      </datafield>
      <datafield ind1=' ' ind2=' ' tag='300'>
        <subfield code='a'>91 p. :</subfield>
        <subfield code='b'>col. ill. ;</subfield>
        <subfield code='c'>26 cm.</subfield>
      </datafield>
      <datafield ind1=' ' ind2=' ' tag='500'>
        <subfield code='a'>&quot;The unabridged first folio text in cartoon&quot;--Sticker on cover.</subfield>
      </datafield>
      <datafield ind1=' ' ind2=' ' tag='500'>
        <subfield code='a'>Comic book version of Shakespeare&apos;s Macbeth, incorporating the First Folio text.</subfield>
      </datafield>
      <datafield ind1='1' ind2='0' tag='600'>
        <subfield code='a'>Shakespeare, William,</subfield>
        <subfield code='d'>1564-1616.</subfield>
        <subfield code='t'>Macbeth</subfield>
        <subfield code='v'>Comic books, strips, etc.</subfield>
      </datafield>
      <datafield ind1=' ' ind2='7' tag='655'>
        <subfield code='a'>Comic books.</subfield>
        <subfield code='2'>rbgenr</subfield>
      </datafield>
      <datafield ind1='0' ind2=' ' tag='700'>
        <subfield code='a'>Von,</subfield>
        <subfield code='e'>illustrator.</subfield>
      </datafield>
      <datafield ind1='1' ind2=' ' tag='700'>
        <subfield code='a'>Tauté, Anne,</subfield>
        <subfield code='e'>editor.</subfield>
      </datafield>
      <datafield ind1=' ' ind2=' ' tag='907'>
        <subfield code='a'>b1880152</subfield>
      </datafield>
      <datafield ind1='9' ind2='1' tag='999'>
        <subfield code='i'>i2720342</subfield>
        <subfield code='l'>ddda</subfield>
        <subfield code='s'>-</subfield>
        <subfield code='t'>0</subfield>
        <subfield code='c'>1</subfield>
        <subfield code='o'>9</subfield>
        <subfield code='b'>00003125763</subfield>
        <subfield code='p'>090##</subfield>
        <subfield code='q'>|aPR2823.A2 V662 1982</subfield>
      </datafield>
      <datafield ind1='0' ind2='0' tag='999'>
        <subfield code='a'>2004-10-01 00:00:00-04</subfield>
        <subfield code='c'>2004-09-30 09:31:26-04</subfield>
        <subfield code='u'>2018-01-15 13:28:47-05</subfield>
      </datafield>
  </record>