
  <record>
    <leader>00000cam  2200229Ia 4500</leader>
      <controlfield tag='008'>910805s1983    enka          000 0 eng d</controlfield>
      <controlfield tag='001'>10841794</controlfield>
      <controlfield tag='005'>19911126162958.6</controlfield>
      <datafield ind1=' ' ind2=' ' tag='040'>
        <subfield code='a'>SNC</subfield>
        <subfield code='c'>SNC</subfield>
        <subfield code='d'>m/c</subfield>
        <subfield code='d'>NOC</subfield>
      </datafield>
      <datafield ind1=' ' ind2=' ' tag='043'>
        <subfield code='a'>e-uk-en</subfield>
      </datafield>
      <datafield ind1='1' ind2=' ' tag='100'>
        <subfield code='a'>Shakespeare, William,</subfield>
        <subfield code='d'>1564-1616.</subfield>
      </datafield>
      <datafield ind1='1' ind2='0' tag='245'>
        <subfield code='a'>Macbeth /</subfield>
        <subfield code='c'>literary consultant, John Wilders.</subfield>
      </datafield>
      <datafield ind1=' ' ind2=' ' tag='260'>
        <subfield code='a'>London :</subfield>
        <subfield code='b'>British Broadcasting Corp.,</subfield>
        <subfield code='c'>1983.</subfield>
      </datafield>
      <datafield ind1=' ' ind2=' ' tag='300'>
        <subfield code='a'>111 p., [4] pages of plates :</subfield>
        <subfield code='b'>ill., part col. ;</subfield>
        <subfield code='c'>21 cm.</subfield>
      </datafield>
      <datafield ind1=' ' ind2=' ' tag='500'>
        <subfield code='a'>The text is the Alexander text.</subfield>
      </datafield>
      <datafield ind1='1' ind2=' ' tag='700'>
        <subfield code='a'>Wilders, John.</subfield>
      </datafield>
      <datafield ind1='1' ind2=' ' tag='700'>
        <subfield code='a'>Alexander, Peter,</subfield>
        <subfield code='d'>1893-1969.</subfield>
      </datafield>
      <datafield ind1='1' ind2=' ' tag='800'>
        <subfield code='a'>Shakespeare, William,</subfield>
        <subfield code='d'>1564-1616.</subfield>
        <subfield code='t'>BBC TV Shakespeare (London, England)</subfield>
      </datafield>
      <datafield ind1=' ' ind2=' ' tag='907'>
        <subfield code='a'>b1965612</subfield>
      </datafield>
      <datafield ind1='9' ind2='1' tag='999'>
        <subfield code='i'>i2843773</subfield>
        <subfield code='l'>ddda</subfield>
        <subfield code='s'>-</subfield>
        <subfield code='t'>0</subfield>
        <subfield code='c'>1</subfield>
        <subfield code='o'>9</subfield>
        <subfield code='b'>00006613774</subfield>
        <subfield code='p'>090##</subfield>
        <subfield code='q'>|aPR2823 .A23 1983</subfield>
      </datafield>
      <datafield ind1='0' ind2='0' tag='999'>
        <subfield code='a'>2004-10-01 00:00:00-04</subfield>
        <subfield code='c'>2004-09-30 09:44:14-04</subfield>
        <subfield code='u'>2013-10-03 09:05:41-04</subfield>
      </datafield>
  </record>