
  <record>
    <leader>00000cam a2200265Ia 4500</leader>
      <controlfield tag='008'>851112s1985    mdu           000 0 eng  </controlfield>
      <controlfield tag='001'>11650484</controlfield>
      <controlfield tag='005'>19851112000000.0</controlfield>
      <datafield ind1=' ' ind2=' ' tag='010'>
        <subfield code='a'>85000679</subfield>
      </datafield>
      <datafield ind1=' ' ind2=' ' tag='020'>
        <subfield code='a'>081913919X (pbk.) :</subfield>
        <subfield code='c'>$3.45</subfield>
      </datafield>
      <datafield ind1=' ' ind2=' ' tag='040'>
        <subfield code='a'>DLC</subfield>
        <subfield code='c'>DLC</subfield>
        <subfield code='d'>NOC</subfield>
      </datafield>
      <datafield ind1='0' ind2=' ' tag='082'>
        <subfield code='a'>822.3/3</subfield>
        <subfield code='2'>19</subfield>
      </datafield>
      <datafield ind1='1' ind2=' ' tag='100'>
        <subfield code='a'>Shakespeare, William,</subfield>
        <subfield code='d'>1564-1616.</subfield>
      </datafield>
      <datafield ind1='1' ind2='0' tag='245'>
        <subfield code='a'>Macbeth :</subfield>
        <subfield code='b'>modern text with introduction /</subfield>
        <subfield code='c'>edited by A.L. Rowse.</subfield>
      </datafield>
      <datafield ind1=' ' ind2=' ' tag='260'>
        <subfield code='a'>Lanham, Md. :</subfield>
        <subfield code='b'>University Press of America,</subfield>
        <subfield code='c'>c1985.</subfield>
      </datafield>
      <datafield ind1=' ' ind2=' ' tag='300'>
        <subfield code='a'>112 p. ;</subfield>
        <subfield code='c'>19 cm.</subfield>
      </datafield>
      <datafield ind1='1' ind2=' ' tag='700'>
        <subfield code='a'>Rowse, A. L.</subfield>
        <subfield code='q'>(Alfred Leslie),</subfield>
        <subfield code='d'>1903-1997,</subfield>
        <subfield code='e'>editor.</subfield>
      </datafield>
      <datafield ind1='1' ind2=' ' tag='800'>
        <subfield code='a'>Shakespeare, William,</subfield>
        <subfield code='d'>1564-1616.</subfield>
        <subfield code='t'>Plays (University Press of America : Pbk. ed.)</subfield>
      </datafield>
      <datafield ind1=' ' ind2=' ' tag='907'>
        <subfield code='a'>b2012359</subfield>
      </datafield>
      <datafield ind1='9' ind2='1' tag='999'>
        <subfield code='i'>i2910422</subfield>
        <subfield code='l'>ddda</subfield>
        <subfield code='s'>-</subfield>
        <subfield code='t'>0</subfield>
        <subfield code='c'>1</subfield>
        <subfield code='o'>11</subfield>
        <subfield code='b'>00003076236</subfield>
        <subfield code='p'>090##</subfield>
        <subfield code='q'>|aPR2823.A2 R64 1985</subfield>
      </datafield>
      <datafield ind1='0' ind2='0' tag='999'>
        <subfield code='a'>2004-10-01 00:00:00-04</subfield>
        <subfield code='c'>2004-10-01 08:33:02-04</subfield>
        <subfield code='u'>2018-01-15 13:28:50-05</subfield>
      </datafield>
  </record>