
  <record>
    <leader>00000cam a2200325Ia 4500</leader>
      <controlfield tag='008'>851025s1906    sp            000 0 spa d</controlfield>
      <controlfield tag='001'>12716547</controlfield>
      <controlfield tag='005'>19851025000000.0</controlfield>
      <datafield ind1=' ' ind2=' ' tag='040'>
        <subfield code='a'>NOC</subfield>
        <subfield code='c'>NOC</subfield>
      </datafield>
      <datafield ind1='1' ind2=' ' tag='041'>
        <subfield code='a'>spa</subfield>
        <subfield code='h'>eng</subfield>
      </datafield>
      <datafield ind1='1' ind2=' ' tag='100'>
        <subfield code='a'>Shakespeare, William,</subfield>
        <subfield code='d'>1564-1616.</subfield>
      </datafield>
      <datafield ind1='1' ind2='0' tag='240'>
        <subfield code='a'>Macbeth.</subfield>
        <subfield code='l'>Spanish</subfield>
      </datafield>
      <datafield ind1='1' ind2='0' tag='245'>
        <subfield code='a'>Macbeth :</subfield>
        <subfield code='b'>drama trágico /</subfield>
        <subfield code='c'>de W. Shakespeare ; adaptación española en cuatro actos y en prosa por Luis París y E. López-Marín.</subfield>
      </datafield>
      <datafield ind1=' ' ind2=' ' tag='260'>
        <subfield code='a'>Madrid :</subfield>
        <subfield code='b'>R. Velasco [impresor],</subfield>
        <subfield code='c'>1906.</subfield>
      </datafield>
      <datafield ind1=' ' ind2=' ' tag='300'>
        <subfield code='a'>48 p. ;</subfield>
        <subfield code='c'>20 cm.</subfield>
      </datafield>
      <datafield ind1=' ' ind2=' ' tag='500'>
        <subfield code='a'>Imprint on cover: Madrid : Sociedad de Autores Españoles, 1906.</subfield>
      </datafield>
      <datafield ind1=' ' ind2=' ' tag='500'>
        <subfield code='a'>No. 8, in vol. 415 with binder&apos;s title: Teatro Español : serie A.</subfield>
      </datafield>
      <datafield ind1=' ' ind2=' ' tag='530'>
        <subfield code='a'>Also available via the World Wide Web.</subfield>
      </datafield>
      <datafield ind1='1' ind2=' ' tag='700'>
        <subfield code='a'>París, Luis,</subfield>
        <subfield code='e'>translator.</subfield>
      </datafield>
      <datafield ind1='1' ind2=' ' tag='700'>
        <subfield code='a'>López Marín, Enrique,</subfield>
        <subfield code='d'>1866-1919,</subfield>
        <subfield code='e'>translator.</subfield>
      </datafield>
      <datafield ind1='4' ind2='1' tag='856'>
        <subfield code='3'>v. 415, no. 8</subfield>
        <subfield code='u'>https://archive.org/details/macbethdramatrag4158shak</subfield>
        <subfield code='y'>Full text available via the UNC-Chapel Hill Libraries</subfield>
      </datafield>
      <datafield ind1=' ' ind2=' ' tag='907'>
        <subfield code='a'>b2069922</subfield>
      </datafield>
      <datafield ind1='9' ind2='1' tag='999'>
        <subfield code='i'>i2989283</subfield>
        <subfield code='l'>wcda</subfield>
        <subfield code='s'>o</subfield>
        <subfield code='t'>0</subfield>
        <subfield code='c'>1</subfield>
        <subfield code='o'>0</subfield>
        <subfield code='b'>HAKK-2957-00001</subfield>
        <subfield code='p'>090##</subfield>
        <subfield code='q'>|aPQ6217 .T44 v. 415, no. 8</subfield>
      </datafield>
      <datafield ind1='9' ind2='2' tag='999'>
        <subfield code='a'>c2305536</subfield>
        <subfield code='b'>wcda</subfield>
        <subfield code='c'>0</subfield>
      </datafield>
      <datafield ind1='9' ind2='3' tag='999'>
        <subfield code='0'>c2305536</subfield>
        <subfield code='2'>852</subfield>
        <subfield code='3'>c</subfield>
        <subfield code='b'>572211</subfield>
        <subfield code='h'>PQ6217</subfield>
        <subfield code='i'>.T44 v. 415, no. 8</subfield>
      </datafield>
      <datafield ind1='9' ind2='3' tag='999'>
        <subfield code='0'>c2305536</subfield>
        <subfield code='2'>852</subfield>
        <subfield code='3'>e</subfield>
        <subfield code='p'>HAKK-2957-00001</subfield>
        <subfield code='t'>1</subfield>
      </datafield>
      <datafield ind1='0' ind2='0' tag='999'>
        <subfield code='a'>2004-10-01 00:00:00-04</subfield>
        <subfield code='c'>2004-10-01 08:37:33-04</subfield>
        <subfield code='u'>2018-01-18 12:28:06-05</subfield>
      </datafield>
  </record>