
  <record>
    <leader>00000cam a2200277Ia 4500</leader>
      <controlfield tag='008'>860813s1816    enkaf         000 0 engm </controlfield>
      <controlfield tag='001'>14083032</controlfield>
      <controlfield tag='005'>19860813000000.0</controlfield>
      <datafield ind1=' ' ind2=' ' tag='010'>
        <subfield code='a'>31029857</subfield>
      </datafield>
      <datafield ind1=' ' ind2=' ' tag='040'>
        <subfield code='a'>DLC</subfield>
        <subfield code='c'>NOC</subfield>
        <subfield code='d'>NOC</subfield>
      </datafield>
      <datafield ind1='0' ind2=' ' tag='050'>
        <subfield code='a'>PR1243</subfield>
        <subfield code='b'>.I4 vol. 4</subfield>
      </datafield>
      <datafield ind1=' ' ind2='0' tag='082'>
        <subfield code='a'>822.33</subfield>
      </datafield>
      <datafield ind1='1' ind2=' ' tag='100'>
        <subfield code='a'>Shakespeare, William,</subfield>
        <subfield code='d'>1564-1616.</subfield>
      </datafield>
      <datafield ind1='1' ind2='0' tag='245'>
        <subfield code='a'>Macbeth :</subfield>
        <subfield code='b'>a tragedy in five acts /</subfield>
        <subfield code='c'>by William Shakespeare ... ; with remarks by Mrs. Inchbald.</subfield>
      </datafield>
      <datafield ind1=' ' ind2=' ' tag='260'>
        <subfield code='a'>London :</subfield>
        <subfield code='b'>Printed for Longman, Hurst, Rees, Orme and Brown,</subfield>
        <subfield code='c'>[1816?]</subfield>
        <subfield code='e'>(Edinburgh :</subfield>
        <subfield code='f'>James Ballantyne)</subfield>
      </datafield>
      <datafield ind1=' ' ind2=' ' tag='300'>
        <subfield code='a'>72 p., [1] leaf of plates :</subfield>
        <subfield code='b'>ill. ;</subfield>
        <subfield code='c'>16 cm.</subfield>
      </datafield>
      <datafield ind1=' ' ind2=' ' tag='500'>
        <subfield code='a'>&quot;As performed at the Theatres Royal, Drury Lane and Covent Garden ... &quot;</subfield>
      </datafield>
      <datafield ind1='1' ind2=' ' tag='700'>
        <subfield code='a'>Inchbald,</subfield>
        <subfield code='c'>Mrs.,</subfield>
        <subfield code='d'>1753-1821,</subfield>
        <subfield code='e'>commentator for written text.</subfield>
      </datafield>
      <datafield ind1=' ' ind2='0' tag='830'>
        <subfield code='a'>British theatre ;</subfield>
        <subfield code='v'>v. 4.</subfield>
      </datafield>
      <datafield ind1=' ' ind2=' ' tag='907'>
        <subfield code='a'>b2135849</subfield>
      </datafield>
      <datafield ind1='9' ind2='1' tag='999'>
        <subfield code='i'>i3084037</subfield>
        <subfield code='l'>wcda</subfield>
        <subfield code='s'>o</subfield>
        <subfield code='t'>0</subfield>
        <subfield code='c'>1</subfield>
        <subfield code='o'>0</subfield>
        <subfield code='b'>HAKR-4547-00001</subfield>
        <subfield code='p'>090##</subfield>
        <subfield code='q'>|aPR1243 .I4 v.4</subfield>
      </datafield>
      <datafield ind1='9' ind2='2' tag='999'>
        <subfield code='a'>c2363999</subfield>
        <subfield code='b'>wcda</subfield>
        <subfield code='c'>0</subfield>
      </datafield>
      <datafield ind1='9' ind2='3' tag='999'>
        <subfield code='0'>c2363999</subfield>
        <subfield code='2'>852</subfield>
        <subfield code='3'>c</subfield>
        <subfield code='b'>572211</subfield>
        <subfield code='h'>PR1243</subfield>
        <subfield code='i'>.I4 v.4</subfield>
      </datafield>
      <datafield ind1='9' ind2='3' tag='999'>
        <subfield code='0'>c2363999</subfield>
        <subfield code='2'>852</subfield>
        <subfield code='3'>e</subfield>
        <subfield code='p'>HAKR-4547-00001</subfield>
        <subfield code='t'>1</subfield>
      </datafield>
      <datafield ind1='0' ind2='0' tag='999'>
        <subfield code='a'>2004-10-01 00:00:00-04</subfield>
        <subfield code='c'>2004-10-01 08:57:39-04</subfield>
        <subfield code='u'>2018-01-15 13:28:53-05</subfield>
      </datafield>
  </record>