
  <record>
    <leader>00000cam  2200205 a 4500</leader>
      <controlfield tag='008'>890213s1986    enkac  j      000 0 eng d</controlfield>
      <controlfield tag='001'>15590561</controlfield>
      <controlfield tag='005'>19890213000000.0</controlfield>
      <datafield ind1=' ' ind2=' ' tag='015'>
        <subfield code='a'>GB87-5176</subfield>
      </datafield>
      <datafield ind1=' ' ind2=' ' tag='020'>
        <subfield code='a'>0333419995 (pbk) :</subfield>
        <subfield code='c'>£1.65</subfield>
      </datafield>
      <datafield ind1=' ' ind2=' ' tag='040'>
        <subfield code='a'>UKM</subfield>
        <subfield code='c'>UKM</subfield>
        <subfield code='d'>m/c</subfield>
        <subfield code='d'>NOC</subfield>
      </datafield>
      <datafield ind1='0' ind2=' ' tag='082'>
        <subfield code='a'>822.3/3</subfield>
        <subfield code='2'>19</subfield>
      </datafield>
      <datafield ind1='1' ind2=' ' tag='100'>
        <subfield code='a'>Shakespeare, William,</subfield>
        <subfield code='d'>1564-1616.</subfield>
      </datafield>
      <datafield ind1='1' ind2='0' tag='240'>
        <subfield code='a'>Macbeth</subfield>
      </datafield>
      <datafield ind1='1' ind2='0' tag='245'>
        <subfield code='a'>Macbeth :</subfield>
        <subfield code='b'>complete and unabridged /</subfield>
        <subfield code='c'>William Shakespeare ; edited by Rodrick Wilson.</subfield>
      </datafield>
      <datafield ind1=' ' ind2=' ' tag='260'>
        <subfield code='a'>London :</subfield>
        <subfield code='b'>Macmillan,</subfield>
        <subfield code='c'>1986.</subfield>
      </datafield>
      <datafield ind1=' ' ind2=' ' tag='300'>
        <subfield code='a'>94 p. :</subfield>
        <subfield code='b'>ill., 1 port. ;</subfield>
        <subfield code='c'>28 cm.</subfield>
      </datafield>
      <datafield ind1='1' ind2=' ' tag='700'>
        <subfield code='a'>Wilson, Roderick.</subfield>
      </datafield>
      <datafield ind1=' ' ind2=' ' tag='907'>
        <subfield code='a'>b2182678</subfield>
      </datafield>
      <datafield ind1='9' ind2='1' tag='999'>
        <subfield code='i'>i3148300</subfield>
        <subfield code='l'>lljd</subfield>
        <subfield code='s'>-</subfield>
        <subfield code='t'>22</subfield>
        <subfield code='c'>1</subfield>
        <subfield code='o'>1</subfield>
        <subfield code='b'>00004281431</subfield>
        <subfield code='p'>099#9</subfield>
        <subfield code='q'>|aJ822.3 Shakespeare</subfield>
      </datafield>
      <datafield ind1='0' ind2='0' tag='999'>
        <subfield code='a'>2004-10-01 00:00:00-04</subfield>
        <subfield code='c'>2004-10-01 09:01:26-04</subfield>
        <subfield code='u'>2013-10-04 08:51:45-04</subfield>
      </datafield>
  </record>