
  <record>
    <leader>00000cam a2200361Ia 4500</leader>
      <controlfield tag='008'>901215s1908    maua     b    001 0 eng d</controlfield>
      <controlfield tag='001'>18854285</controlfield>
      <controlfield tag='005'>19901215000000.0</controlfield>
      <datafield ind1=' ' ind2=' ' tag='040'>
        <subfield code='a'>MUU</subfield>
        <subfield code='c'>MUU</subfield>
      </datafield>
      <datafield ind1='1' ind2=' ' tag='100'>
        <subfield code='a'>Shakespeare, William,</subfield>
        <subfield code='d'>1564-1616.</subfield>
      </datafield>
      <datafield ind1='1' ind2='0' tag='240'>
        <subfield code='a'>Macbeth</subfield>
      </datafield>
      <datafield ind1='1' ind2='4' tag='245'>
        <subfield code='a'>The tragedy of Macbeth /</subfield>
        <subfield code='c'>introduction and notes by Henry Norman Hudson ; edited and revised by Ebenezer Charlton Black, with the coöperation of Andrew Jackson George.</subfield>
      </datafield>
      <datafield ind1=' ' ind2=' ' tag='250'>
        <subfield code='a'>School ed.</subfield>
      </datafield>
      <datafield ind1=' ' ind2=' ' tag='260'>
        <subfield code='a'>Boston :</subfield>
        <subfield code='b'>Ginn and company,</subfield>
        <subfield code='c'>c1908.</subfield>
      </datafield>
      <datafield ind1=' ' ind2=' ' tag='300'>
        <subfield code='a'>lxv, 159 p. :</subfield>
        <subfield code='b'>ill. ;</subfield>
        <subfield code='c'>18 cm.</subfield>
      </datafield>
      <datafield ind1=' ' ind2=' ' tag='504'>
        <subfield code='a'>Includes bibliographical references and index.</subfield>
      </datafield>
      <datafield ind1=' ' ind2=' ' tag='530'>
        <subfield code='a'>Also available via the World Wide Web.</subfield>
      </datafield>
      <datafield ind1='1' ind2=' ' tag='700'>
        <subfield code='a'>Hudson, Henry Norman,</subfield>
        <subfield code='d'>1814-1886.</subfield>
        <subfield code='4'>aui</subfield>
        <subfield code='4'>cwt</subfield>
      </datafield>
      <datafield ind1='1' ind2=' ' tag='700'>
        <subfield code='a'>Black, Ebenezer Charlton,</subfield>
        <subfield code='d'>1861-1927.</subfield>
        <subfield code='4'>edt</subfield>
      </datafield>
      <datafield ind1='1' ind2=' ' tag='700'>
        <subfield code='a'>George, Andrew Jackson,</subfield>
        <subfield code='d'>1855-1907.</subfield>
        <subfield code='4'>ctb</subfield>
      </datafield>
      <datafield ind1='1' ind2=' ' tag='800'>
        <subfield code='a'>Shakespeare, William,</subfield>
        <subfield code='d'>1564-1616.</subfield>
        <subfield code='t'>Works.</subfield>
        <subfield code='f'>1906.</subfield>
        <subfield code='s'>Ginn and Company.</subfield>
      </datafield>
      <datafield ind1='4' ind2='1' tag='856'>
        <subfield code='u'>https://archive.org/details/tragedyofmacbethshak</subfield>
        <subfield code='y'>Full text available via the UNC-Chapel Hill Libraries</subfield>
      </datafield>
      <datafield ind1=' ' ind2=' ' tag='907'>
        <subfield code='a'>b2278308</subfield>
      </datafield>
      <datafield ind1='9' ind2='1' tag='999'>
        <subfield code='i'>i3279458</subfield>
        <subfield code='l'>trbrs</subfield>
        <subfield code='s'>o</subfield>
        <subfield code='t'>1</subfield>
        <subfield code='c'>10</subfield>
        <subfield code='o'>11</subfield>
        <subfield code='b'>10000669732</subfield>
        <subfield code='p'>090##</subfield>
        <subfield code='q'>|aPR2823.A2|bH8 1908</subfield>
      </datafield>
      <datafield ind1='0' ind2='0' tag='999'>
        <subfield code='a'>2004-10-01 00:00:00-04</subfield>
        <subfield code='c'>2004-10-01 09:15:00-04</subfield>
        <subfield code='u'>2018-01-18 12:28:06-05</subfield>
      </datafield>
  </record>