
  <record>
    <leader>00000cam a2200301I  4500</leader>
      <controlfield tag='008'>780111s1936    maua          000 0 eng  </controlfield>
      <controlfield tag='001'>3551473</controlfield>
      <controlfield tag='005'>19950328140326.0</controlfield>
      <datafield ind1=' ' ind2=' ' tag='010'>
        <subfield code='a'>36017092</subfield>
      </datafield>
      <datafield ind1=' ' ind2=' ' tag='040'>
        <subfield code='a'>DLC</subfield>
        <subfield code='c'>GAT</subfield>
        <subfield code='d'>OCL</subfield>
      </datafield>
      <datafield ind1='0' ind2=' ' tag='050'>
        <subfield code='a'>PR2823.A2</subfield>
        <subfield code='b'>T33</subfield>
      </datafield>
      <datafield ind1=' ' ind2=' ' tag='082'>
        <subfield code='a'>822.33</subfield>
      </datafield>
      <datafield ind1='1' ind2=' ' tag='100'>
        <subfield code='a'>Shakespeare, William,</subfield>
        <subfield code='d'>1564-1616.</subfield>
      </datafield>
      <datafield ind1='1' ind2='0' tag='240'>
        <subfield code='a'>Macbeth</subfield>
      </datafield>
      <datafield ind1='1' ind2='0' tag='245'>
        <subfield code='a'>Shakespeare&apos;s Macbeth.</subfield>
      </datafield>
      <datafield ind1=' ' ind2=' ' tag='250'>
        <subfield code='a'>Interlinear edition</subfield>
        <subfield code='b'>prepared by George Coffin Taylor and Reed Smith.</subfield>
      </datafield>
      <datafield ind1=' ' ind2=' ' tag='260'>
        <subfield code='a'>Boston,</subfield>
        <subfield code='b'>Ginn</subfield>
        <subfield code='c'>[c1936]</subfield>
      </datafield>
      <datafield ind1=' ' ind2=' ' tag='300'>
        <subfield code='a'>xlvii, 144 p.</subfield>
        <subfield code='b'>illus.</subfield>
        <subfield code='c'>18 cm.</subfield>
      </datafield>
      <datafield ind1='1' ind2=' ' tag='700'>
        <subfield code='a'>Taylor, George Coffin,</subfield>
        <subfield code='d'>1877-1961,</subfield>
        <subfield code='e'>editor.</subfield>
      </datafield>
      <datafield ind1='1' ind2=' ' tag='700'>
        <subfield code='a'>Smith, Reed,</subfield>
        <subfield code='d'>1881-1943,</subfield>
        <subfield code='e'>editor.</subfield>
      </datafield>
      <datafield ind1=' ' ind2=' ' tag='907'>
        <subfield code='a'>b2691326</subfield>
      </datafield>
      <datafield ind1='9' ind2='1' tag='999'>
        <subfield code='i'>i3872773</subfield>
        <subfield code='l'>trln</subfield>
        <subfield code='s'>-</subfield>
        <subfield code='t'>0</subfield>
        <subfield code='c'>4</subfield>
        <subfield code='o'>1</subfield>
        <subfield code='b'>10002448638</subfield>
        <subfield code='p'>092##</subfield>
        <subfield code='q'>|a822.1 T24m</subfield>
      </datafield>
      <datafield ind1='9' ind2='1' tag='999'>
        <subfield code='i'>i3872774</subfield>
        <subfield code='l'>dnda</subfield>
        <subfield code='s'>m</subfield>
        <subfield code='t'>0</subfield>
        <subfield code='c'>5</subfield>
        <subfield code='o'>0</subfield>
        <subfield code='b'>HANZ-1723-00002</subfield>
        <subfield code='p'>092##</subfield>
        <subfield code='q'>|a822.1 T24m</subfield>
      </datafield>
      <datafield ind1='9' ind2='1' tag='999'>
        <subfield code='i'>i3872775</subfield>
        <subfield code='l'>dnda</subfield>
        <subfield code='s'>m</subfield>
        <subfield code='t'>0</subfield>
        <subfield code='c'>6</subfield>
        <subfield code='o'>0</subfield>
        <subfield code='b'>HANZ-1723-00003</subfield>
        <subfield code='p'>092##</subfield>
        <subfield code='q'>|a822.1 T24m</subfield>
      </datafield>
      <datafield ind1='0' ind2='0' tag='999'>
        <subfield code='a'>2004-10-01 00:00:00-04</subfield>
        <subfield code='c'>2004-10-02 10:59:43-04</subfield>
        <subfield code='u'>2018-01-15 13:29:08-05</subfield>
      </datafield>
  </record>