
  <record>
    <leader>00000cam a2200265K  4500</leader>
      <controlfield tag='008'>860915s1865    gw            000 0 ger d</controlfield>
      <controlfield tag='001'>14216981</controlfield>
      <controlfield tag='005'>19950328140447.0</controlfield>
      <datafield ind1=' ' ind2=' ' tag='040'>
        <subfield code='a'>WEL</subfield>
        <subfield code='c'>WEL</subfield>
      </datafield>
      <datafield ind1='0' ind2=' ' tag='041'>
        <subfield code='a'>ger</subfield>
        <subfield code='a'>eng</subfield>
      </datafield>
      <datafield ind1='1' ind2=' ' tag='100'>
        <subfield code='a'>Shakespeare, William,</subfield>
        <subfield code='d'>1564-1616.</subfield>
      </datafield>
      <datafield ind1='1' ind2='0' tag='240'>
        <subfield code='a'>Macbeth</subfield>
      </datafield>
      <datafield ind1='1' ind2='0' tag='245'>
        <subfield code='a'>Shakspere&apos;s Macbeth;</subfield>
        <subfield code='c'>herausgegeben und erklärt von Nicolaus Delius.</subfield>
      </datafield>
      <datafield ind1='3' ind2=' ' tag='246'>
        <subfield code='a'>Shakespeare&apos;s Macbeth</subfield>
      </datafield>
      <datafield ind1=' ' ind2=' ' tag='250'>
        <subfield code='a'>Neue Ausgabe., 2 Aufl.</subfield>
      </datafield>
      <datafield ind1=' ' ind2=' ' tag='260'>
        <subfield code='a'>Elberfeld,</subfield>
        <subfield code='b'>Friderichs,</subfield>
        <subfield code='c'>1865.</subfield>
      </datafield>
      <datafield ind1=' ' ind2=' ' tag='300'>
        <subfield code='a'>xvi, 136 p.</subfield>
        <subfield code='c'>24 cm.</subfield>
      </datafield>
      <datafield ind1=' ' ind2=' ' tag='546'>
        <subfield code='a'>Text of play in English; Explanatory and editorial text in German.</subfield>
      </datafield>
      <datafield ind1='1' ind2=' ' tag='700'>
        <subfield code='a'>Delius, Nikolaus,</subfield>
        <subfield code='d'>1813-1888,</subfield>
        <subfield code='e'>editor.</subfield>
      </datafield>
      <datafield ind1=' ' ind2=' ' tag='907'>
        <subfield code='a'>b2691405</subfield>
      </datafield>
      <datafield ind1='9' ind2='1' tag='999'>
        <subfield code='i'>i3872877</subfield>
        <subfield code='l'>trln</subfield>
        <subfield code='s'>-</subfield>
        <subfield code='t'>0</subfield>
        <subfield code='c'>1</subfield>
        <subfield code='o'>0</subfield>
        <subfield code='b'>00027809818</subfield>
        <subfield code='p'>092##</subfield>
        <subfield code='q'>|a822.12 Ma, 1865</subfield>
      </datafield>
      <datafield ind1='0' ind2='0' tag='999'>
        <subfield code='a'>2004-10-01 00:00:00-04</subfield>
        <subfield code='c'>2004-10-02 10:59:44-04</subfield>
        <subfield code='u'>2018-01-15 13:29:08-05</subfield>
      </datafield>
  </record>