
  <record>
    <leader>00000cam  2200157Ia 4500</leader>
      <controlfield tag='008'>900328s1897    fr            000 0 fre d</controlfield>
      <controlfield tag='001'>21276321</controlfield>
      <controlfield tag='005'>19950328140448.0</controlfield>
      <datafield ind1=' ' ind2=' ' tag='040'>
        <subfield code='a'>CHE</subfield>
        <subfield code='c'>CHE</subfield>
      </datafield>
      <datafield ind1='1' ind2=' ' tag='100'>
        <subfield code='a'>Shakespeare, William,</subfield>
        <subfield code='d'>1564-1616.</subfield>
      </datafield>
      <datafield ind1='1' ind2='0' tag='245'>
        <subfield code='a'>Macbeth (1606) /</subfield>
        <subfield code='c'>William Shakespeare ; texte critique avec la traduction en regard par Alexandre Beljame...</subfield>
      </datafield>
      <datafield ind1=' ' ind2=' ' tag='260'>
        <subfield code='a'>Paris :</subfield>
        <subfield code='b'>Hachette,</subfield>
        <subfield code='c'>1897.</subfield>
      </datafield>
      <datafield ind1=' ' ind2=' ' tag='300'>
        <subfield code='a'>xvi, 238 p. ;</subfield>
        <subfield code='c'>23 cm.</subfield>
      </datafield>
      <datafield ind1='1' ind2=' ' tag='700'>
        <subfield code='a'>Beljame, A.</subfield>
        <subfield code='q'>(Alexandre),</subfield>
        <subfield code='d'>1843?-1906.</subfield>
      </datafield>
      <datafield ind1=' ' ind2=' ' tag='907'>
        <subfield code='a'>b2691406</subfield>
      </datafield>
      <datafield ind1='9' ind2='1' tag='999'>
        <subfield code='i'>i3872878</subfield>
        <subfield code='l'>trln</subfield>
        <subfield code='s'>-</subfield>
        <subfield code='t'>0</subfield>
        <subfield code='c'>1</subfield>
        <subfield code='o'>0</subfield>
        <subfield code='b'>00027809827</subfield>
        <subfield code='p'>092##</subfield>
        <subfield code='q'>|a822.12 MaxB</subfield>
      </datafield>
      <datafield ind1='0' ind2='0' tag='999'>
        <subfield code='a'>2004-10-01 00:00:00-04</subfield>
        <subfield code='c'>2004-10-02 10:59:44-04</subfield>
        <subfield code='u'>2013-10-07 12:39:45-04</subfield>
      </datafield>
  </record>