
  <record>
    <leader>00000cam  2200229Ia 4500</leader>
      <controlfield tag='008'>960226s1882    enk           000 0 eng d</controlfield>
      <controlfield tag='001'>34266186</controlfield>
      <controlfield tag='005'>19960226111117.0</controlfield>
      <datafield ind1=' ' ind2=' ' tag='040'>
        <subfield code='a'>NOC</subfield>
        <subfield code='c'>NOC</subfield>
      </datafield>
      <datafield ind1='1' ind2=' ' tag='100'>
        <subfield code='a'>Shakespeare, William,</subfield>
        <subfield code='d'>1564-1616.</subfield>
      </datafield>
      <datafield ind1='1' ind2='0' tag='240'>
        <subfield code='a'>Macbeth.</subfield>
        <subfield code='f'>1882</subfield>
      </datafield>
      <datafield ind1='1' ind2='0' tag='245'>
        <subfield code='a'>Macbeth /</subfield>
        <subfield code='c'>abridged for the use of schools by Samuel Brandram.</subfield>
      </datafield>
      <datafield ind1=' ' ind2=' ' tag='260'>
        <subfield code='a'>London :</subfield>
        <subfield code='b'>Smith, Elder, &amp; Co.,</subfield>
        <subfield code='c'>1882</subfield>
        <subfield code='e'>(London :</subfield>
        <subfield code='f'>Printed by Spottiswoode and Co.)</subfield>
      </datafield>
      <datafield ind1=' ' ind2=' ' tag='300'>
        <subfield code='a'>47 p. ;</subfield>
        <subfield code='c'>19 cm.</subfield>
      </datafield>
      <datafield ind1=' ' ind2=' ' tag='500'>
        <subfield code='a'>Murray file copy no. 62.</subfield>
      </datafield>
      <datafield ind1='1' ind2=' ' tag='700'>
        <subfield code='a'>Brandram, Samuel,</subfield>
        <subfield code='d'>1824-1892.</subfield>
      </datafield>
      <datafield ind1='0' ind2=' ' tag='740'>
        <subfield code='a'>John Murray/Smith-Elder Imprint Collection.</subfield>
      </datafield>
      <datafield ind1=' ' ind2='0' tag='830'>
        <subfield code='a'>Selected plays from Shakespeare.</subfield>
      </datafield>
      <datafield ind1=' ' ind2=' ' tag='919'>
        <subfield code='a'>590 touched / wkg</subfield>
      </datafield>
      <datafield ind1=' ' ind2=' ' tag='907'>
        <subfield code='a'>b2792016</subfield>
      </datafield>
      <datafield ind1='9' ind2='1' tag='999'>
        <subfield code='i'>i4013024</subfield>
        <subfield code='l'>wcsj</subfield>
        <subfield code='s'>o</subfield>
        <subfield code='t'>0</subfield>
        <subfield code='c'>1</subfield>
        <subfield code='o'>0</subfield>
        <subfield code='b'>00012812183</subfield>
        <subfield code='p'>099#9</subfield>
        <subfield code='q'>|a1629</subfield>
      </datafield>
      <datafield ind1='9' ind2='2' tag='999'>
        <subfield code='a'>c2996461</subfield>
        <subfield code='b'>wcsj</subfield>
        <subfield code='c'>0</subfield>
      </datafield>
      <datafield ind1='9' ind2='3' tag='999'>
        <subfield code='0'>c2996461</subfield>
        <subfield code='2'>852</subfield>
        <subfield code='3'>c</subfield>
        <subfield code='b'>572247</subfield>
        <subfield code='h'>1629</subfield>
        <subfield code='z'>Slip advertising Selected plays from Shakespeare laid in front. Price: sixpence.</subfield>
      </datafield>
      <datafield ind1='9' ind2='3' tag='999'>
        <subfield code='0'>c2996461</subfield>
        <subfield code='2'>852</subfield>
        <subfield code='3'>e</subfield>
        <subfield code='p'>00012812183</subfield>
        <subfield code='t'>1</subfield>
      </datafield>
      <datafield ind1='0' ind2='0' tag='999'>
        <subfield code='a'>2004-10-01 00:00:00-04</subfield>
        <subfield code='c'>2004-10-03 07:42:02-04</subfield>
        <subfield code='u'>2016-05-02 14:37:12-04</subfield>
      </datafield>
  </record>