
  <record>
    <leader>00000cam a2200361Ia 4500</leader>
      <controlfield tag='007'>hg aob---b|||</controlfield>
      <controlfield tag='008'>830729s1753    stk     c     000 d eng d</controlfield>
      <controlfield tag='001'>9755558</controlfield>
      <controlfield tag='005'>19960229152646.0</controlfield>
      <datafield ind1=' ' ind2=' ' tag='035'>
        <subfield code='a'>2C</subfield>
      </datafield>
      <datafield ind1=' ' ind2=' ' tag='040'>
        <subfield code='a'>TCR</subfield>
        <subfield code='c'>TCR</subfield>
      </datafield>
      <datafield ind1='1' ind2=' ' tag='100'>
        <subfield code='a'>Shakespeare, William,</subfield>
        <subfield code='d'>1564-1616.</subfield>
      </datafield>
      <datafield ind1='0' ind2='0' tag='240'>
        <subfield code='a'>Macbeth</subfield>
      </datafield>
      <datafield ind1='1' ind2='4' tag='245'>
        <subfield code='a'>The historical tragedy of Macbeth</subfield>
        <subfield code='h'>[microform] /</subfield>
        <subfield code='c'>written originally by Shakespear ; newly adapted to the stage, with alterations.</subfield>
      </datafield>
      <datafield ind1=' ' ind2=' ' tag='260'>
        <subfield code='a'>Edinburgh :</subfield>
        <subfield code='b'>Printed by W. Cheyne,</subfield>
        <subfield code='c'>1753.</subfield>
      </datafield>
      <datafield ind1=' ' ind2=' ' tag='300'>
        <subfield code='a'>[3], 88 p.</subfield>
      </datafield>
      <datafield ind1=' ' ind2=' ' tag='500'>
        <subfield code='a'>Alterations by John Lee; cf. Nicoll, A.  A hist. of Eng. drama, 1660-1900, 1952: v. 3, p. 57, 280.</subfield>
      </datafield>
      <datafield ind1=' ' ind2=' ' tag='500'>
        <subfield code='a'>Acting copy.</subfield>
      </datafield>
      <datafield ind1=' ' ind2=' ' tag='500'>
        <subfield code='a'>&quot;As performed at the theatre in Edinburgh.&quot;</subfield>
      </datafield>
      <datafield ind1=' ' ind2=' ' tag='500'>
        <subfield code='a'>Errata on p. 88.</subfield>
      </datafield>
      <datafield ind1=' ' ind2=' ' tag='533'>
        <subfield code='a'>Microopaque.</subfield>
        <subfield code='b'>New York :</subfield>
        <subfield code='c'>Readex Microprint,</subfield>
        <subfield code='d'>1954.</subfield>
        <subfield code='e'>1 microopaque ; 23 x 15 cm.</subfield>
        <subfield code='f'>(Three centuries of drama.  English, 1751-1800) (Three centuries of English and American plays, 1500-1830)</subfield>
      </datafield>
      <datafield ind1=' ' ind2=' ' tag='539'>
        <subfield code='a'>s</subfield>
        <subfield code='b'>1954</subfield>
        <subfield code='d'>nyu</subfield>
        <subfield code='e'>n</subfield>
      </datafield>
      <datafield ind1='1' ind2=' ' tag='700'>
        <subfield code='a'>Lee, John,</subfield>
        <subfield code='d'>-1781,</subfield>
        <subfield code='e'>adapter.</subfield>
      </datafield>
      <datafield ind1=' ' ind2='0' tag='830'>
        <subfield code='a'>Three centuries of drama.</subfield>
        <subfield code='p'>English, 1751-1800.</subfield>
      </datafield>
      <datafield ind1=' ' ind2='0' tag='830'>
        <subfield code='a'>Three centuries of English and American plays, 1500-1830.</subfield>
      </datafield>
      <datafield ind1=' ' ind2=' ' tag='907'>
        <subfield code='a'>b2817791</subfield>
      </datafield>
      <datafield ind1='9' ind2='1' tag='999'>
        <subfield code='i'>i4046234</subfield>
        <subfield code='l'>dgdaf</subfield>
        <subfield code='s'>-</subfield>
        <subfield code='t'>26</subfield>
        <subfield code='c'>1</subfield>
        <subfield code='o'>0</subfield>
        <subfield code='b'>HAPB-1088-00001</subfield>
        <subfield code='p'>099#9</subfield>
        <subfield code='q'>|a1-10</subfield>
      </datafield>
      <datafield ind1='0' ind2='0' tag='999'>
        <subfield code='a'>2004-10-01 00:00:00-04</subfield>
        <subfield code='c'>2004-10-03 07:44:30-04</subfield>
        <subfield code='u'>2018-01-15 13:29:10-05</subfield>
      </datafield>
  </record>