
  <record>
    <leader>00000cam a2200361Ia 4500</leader>
      <controlfield tag='008'>831011s1674    enk     c     000 0 eng d</controlfield>
      <controlfield tag='007'>hgraob---b---</controlfield>
      <controlfield tag='001'>10000862</controlfield>
      <controlfield tag='005'>19960229153146.0</controlfield>
      <datafield ind1=' ' ind2=' ' tag='035'>
        <subfield code='a'>2C</subfield>
      </datafield>
      <datafield ind1=' ' ind2=' ' tag='040'>
        <subfield code='a'>TCR</subfield>
        <subfield code='c'>TCR</subfield>
      </datafield>
      <datafield ind1='1' ind2=' ' tag='100'>
        <subfield code='a'>Shakespeare, William,</subfield>
        <subfield code='d'>1564-1616.</subfield>
      </datafield>
      <datafield ind1='1' ind2='0' tag='245'>
        <subfield code='a'>Macbeth</subfield>
        <subfield code='h'>[microform] :</subfield>
        <subfield code='b'>a tragedy : with all the alterations, amendments, additions, and new songs.</subfield>
      </datafield>
      <datafield ind1=' ' ind2=' ' tag='260'>
        <subfield code='a'>London :</subfield>
        <subfield code='b'>Printed for P. Chetwin, and are to be sold by most booksellers,</subfield>
        <subfield code='c'>1674.</subfield>
      </datafield>
      <datafield ind1=' ' ind2=' ' tag='300'>
        <subfield code='a'>[4], 66 p.</subfield>
      </datafield>
      <datafield ind1=' ' ind2=' ' tag='500'>
        <subfield code='a'>Without the music.</subfield>
      </datafield>
      <datafield ind1=' ' ind2=' ' tag='500'>
        <subfield code='a'>An alteration of Shakespeare&apos;s play attributed to Sir William D&apos;Avenant; cf. Nicoll, A.  A hist. of Eng. drama, 1660-1900, 1961: v. 1, p. 401-2.</subfield>
      </datafield>
      <datafield ind1=' ' ind2=' ' tag='500'>
        <subfield code='a'>&quot;As it&apos;s now acted at the Dukes theatre.&quot;</subfield>
      </datafield>
      <datafield ind1=' ' ind2=' ' tag='500'>
        <subfield code='a'>Errors in paging: p. 33-48 numbered 35-50.</subfield>
      </datafield>
      <datafield ind1='4' ind2=' ' tag='510'>
        <subfield code='a'>Woodward &amp; McManaway</subfield>
        <subfield code='c'>315.</subfield>
      </datafield>
      <datafield ind1=' ' ind2=' ' tag='533'>
        <subfield code='a'>Microopaque.</subfield>
        <subfield code='b'>New York :</subfield>
        <subfield code='c'>Readex Microprint,</subfield>
        <subfield code='d'>1953.</subfield>
        <subfield code='e'>1 microopaque ; 23 x 15 cm.</subfield>
        <subfield code='f'>(Three centuries of drama.  English, 1642-1700)  (Three centuries of English and American plays, 1500-1830)</subfield>
      </datafield>
      <datafield ind1=' ' ind2=' ' tag='539'>
        <subfield code='a'>s</subfield>
        <subfield code='b'>1953</subfield>
        <subfield code='d'>nyu</subfield>
        <subfield code='e'>n</subfield>
      </datafield>
      <datafield ind1='1' ind2=' ' tag='700'>
        <subfield code='a'>D&apos;Avenant, William,</subfield>
        <subfield code='d'>1606-1668.</subfield>
      </datafield>
      <datafield ind1=' ' ind2='0' tag='830'>
        <subfield code='a'>Three centuries of drama.</subfield>
        <subfield code='p'>English, 1642-1700.</subfield>
      </datafield>
      <datafield ind1=' ' ind2='0' tag='830'>
        <subfield code='a'>Three centuries of English and American plays, 1500-1830.</subfield>
      </datafield>
      <datafield ind1=' ' ind2=' ' tag='907'>
        <subfield code='a'>b2820145</subfield>
      </datafield>
      <datafield ind1='9' ind2='1' tag='999'>
        <subfield code='i'>i4048588</subfield>
        <subfield code='l'>dgdaf</subfield>
        <subfield code='s'>-</subfield>
        <subfield code='t'>26</subfield>
        <subfield code='c'>1</subfield>
        <subfield code='o'>0</subfield>
        <subfield code='b'>HAPB-5797-00001</subfield>
        <subfield code='p'>099#9</subfield>
        <subfield code='q'>|a1-10</subfield>
      </datafield>
      <datafield ind1='0' ind2='0' tag='999'>
        <subfield code='a'>2004-10-01 00:00:00-04</subfield>
        <subfield code='c'>2004-10-03 07:44:40-04</subfield>
        <subfield code='u'>2016-10-30 07:47:55-04</subfield>
      </datafield>
  </record>