
  <record>
    <leader>00000cam a2200349Ia 4500</leader>
      <controlfield tag='007'>hg aob---b|||</controlfield>
      <controlfield tag='008'>820519s1866    nyu     c     000 0 eng d</controlfield>
      <controlfield tag='001'>8440567</controlfield>
      <controlfield tag='005'>19960618161247.0</controlfield>
      <datafield ind1=' ' ind2=' ' tag='035'>
        <subfield code='a'>2C</subfield>
      </datafield>
      <datafield ind1=' ' ind2=' ' tag='040'>
        <subfield code='a'>EAD</subfield>
        <subfield code='c'>EAD</subfield>
      </datafield>
      <datafield ind1='1' ind2=' ' tag='041'>
        <subfield code='a'>eng</subfield>
        <subfield code='a'>ita</subfield>
        <subfield code='h'>eng</subfield>
      </datafield>
      <datafield ind1='1' ind2=' ' tag='100'>
        <subfield code='a'>Shakespeare, William,</subfield>
        <subfield code='d'>1564-1616.</subfield>
      </datafield>
      <datafield ind1='0' ind2='0' tag='240'>
        <subfield code='a'>Macbeth.</subfield>
        <subfield code='l'>English &amp; Italian</subfield>
      </datafield>
      <datafield ind1='1' ind2='0' tag='245'>
        <subfield code='a'>Shakspeare&apos;s tragedy of Macbeth</subfield>
        <subfield code='h'>[microform] /</subfield>
        <subfield code='c'>adapted expressly for Madame Ristori and her Italian dramatic company ; the Italian translation by Giulio Carcano.</subfield>
      </datafield>
      <datafield ind1='3' ind2=' ' tag='246'>
        <subfield code='a'>Shakespeare&apos;s tragedy of Macbeth</subfield>
      </datafield>
      <datafield ind1=' ' ind2=' ' tag='260'>
        <subfield code='a'>New York :</subfield>
        <subfield code='b'>Sanford, Harroun,</subfield>
        <subfield code='c'>1866.</subfield>
      </datafield>
      <datafield ind1=' ' ind2=' ' tag='300'>
        <subfield code='a'>31 p.</subfield>
      </datafield>
      <datafield ind1=' ' ind2=' ' tag='500'>
        <subfield code='a'>English and Italian in parallel columns.</subfield>
      </datafield>
      <datafield ind1=' ' ind2=' ' tag='500'>
        <subfield code='a'>&quot;The argument of Signor Carcano&apos;s Italian adaptation of this tragedy so closely follows the original that ... in fact, the two pieces are, with the exception of excisions and a few trifling alterations, identical.&quot;</subfield>
      </datafield>
      <datafield ind1=' ' ind2=' ' tag='533'>
        <subfield code='a'>Microopaque.</subfield>
        <subfield code='b'>New York :</subfield>
        <subfield code='c'>Readex Microprint,</subfield>
        <subfield code='d'>1971.</subfield>
        <subfield code='e'>1 microopaque ; 23 x 15 cm.</subfield>
        <subfield code='f'>(English and American drama of the nineteenth century. American)</subfield>
      </datafield>
      <datafield ind1=' ' ind2=' ' tag='539'>
        <subfield code='a'>s</subfield>
        <subfield code='b'>1971</subfield>
        <subfield code='d'>nyu</subfield>
        <subfield code='e'>n</subfield>
      </datafield>
      <datafield ind1='1' ind2=' ' tag='700'>
        <subfield code='a'>Carcano, Giulio,</subfield>
        <subfield code='d'>1812-1884,</subfield>
        <subfield code='e'>translator.</subfield>
      </datafield>
      <datafield ind1='1' ind2=' ' tag='776'>
        <subfield code='c'>Original</subfield>
        <subfield code='w'>(DLC)21-11235</subfield>
      </datafield>
      <datafield ind1=' ' ind2='0' tag='830'>
        <subfield code='a'>English and American drama of the nineteenth century.</subfield>
        <subfield code='p'>American.</subfield>
      </datafield>
      <datafield ind1=' ' ind2=' ' tag='907'>
        <subfield code='a'>b2864233</subfield>
      </datafield>
      <datafield ind1='9' ind2='1' tag='999'>
        <subfield code='i'>i4102171</subfield>
        <subfield code='l'>dgdaf</subfield>
        <subfield code='s'>-</subfield>
        <subfield code='t'>26</subfield>
        <subfield code='c'>1</subfield>
        <subfield code='o'>0</subfield>
        <subfield code='b'>HATD-9720-00001</subfield>
        <subfield code='p'>099#9</subfield>
        <subfield code='q'>|a1-4 American.</subfield>
      </datafield>
      <datafield ind1='0' ind2='0' tag='999'>
        <subfield code='a'>2004-10-01 00:00:00-04</subfield>
        <subfield code='c'>2004-10-03 07:48:38-04</subfield>
        <subfield code='u'>2018-01-15 13:29:11-05</subfield>
      </datafield>
  </record>