
  <record>
    <leader>00000cam a2200241Li 4500</leader>
      <controlfield tag='007'>hgraob---bzcu</controlfield>
      <controlfield tag='008'>850614s1816    nyu     c     000 0 eng d</controlfield>
      <controlfield tag='001'>15460654</controlfield>
      <controlfield tag='005'>19960618135846.0</controlfield>
      <datafield ind1=' ' ind2=' ' tag='040'>
        <subfield code='a'>STF</subfield>
        <subfield code='c'>STF</subfield>
      </datafield>
      <datafield ind1='1' ind2=' ' tag='100'>
        <subfield code='a'>Shakespeare, William,</subfield>
        <subfield code='d'>1564-1616.</subfield>
      </datafield>
      <datafield ind1='1' ind2='0' tag='245'>
        <subfield code='a'>Macbeth</subfield>
        <subfield code='h'>[microform] :</subfield>
        <subfield code='b'>a tragedy, in five acts : as altered and performed at the American theatres /</subfield>
        <subfield code='c'>by William Shakespeare.</subfield>
      </datafield>
      <datafield ind1=' ' ind2=' ' tag='260'>
        <subfield code='a'>New-York :</subfield>
        <subfield code='b'>David Longworth,</subfield>
        <subfield code='c'>1816.</subfield>
      </datafield>
      <datafield ind1=' ' ind2=' ' tag='300'>
        <subfield code='a'>58 p. ;</subfield>
        <subfield code='c'>16 cm.</subfield>
      </datafield>
      <datafield ind1='4' ind2=' ' tag='510'>
        <subfield code='a'>Shaw &amp; Shoemaker,</subfield>
        <subfield code='c'>38923.</subfield>
      </datafield>
      <datafield ind1=' ' ind2=' ' tag='533'>
        <subfield code='a'>Microopaque.</subfield>
        <subfield code='b'>New York, N.Y. :</subfield>
        <subfield code='c'>Readex Microprint, courtesy of American Antiquarian Society,</subfield>
        <subfield code='d'>1981.</subfield>
        <subfield code='e'>1 microopaque ; 23 x 15 cm.</subfield>
        <subfield code='f'>(Early American imprints.  Second series ; no. 38923).</subfield>
      </datafield>
      <datafield ind1=' ' ind2=' ' tag='539'>
        <subfield code='a'>s</subfield>
        <subfield code='b'>1981</subfield>
        <subfield code='d'>nyu</subfield>
        <subfield code='e'>n</subfield>
      </datafield>
      <datafield ind1='1' ind2=' ' tag='700'>
        <subfield code='a'>Croft, John,</subfield>
        <subfield code='d'>1732-1820.</subfield>
      </datafield>
      <datafield ind1=' ' ind2=' ' tag='752'>
        <subfield code='a'>United States</subfield>
        <subfield code='b'>New York</subfield>
        <subfield code='d'>New York.</subfield>
      </datafield>
      <datafield ind1=' ' ind2='0' tag='830'>
        <subfield code='a'>Early American imprints.</subfield>
        <subfield code='n'>Second series ;</subfield>
        <subfield code='v'>no. 38923.</subfield>
      </datafield>
      <datafield ind1=' ' ind2=' ' tag='907'>
        <subfield code='a'>b2904217</subfield>
      </datafield>
      <datafield ind1='9' ind2='1' tag='999'>
        <subfield code='i'>i4142345</subfield>
        <subfield code='l'>dgdaf</subfield>
        <subfield code='s'>-</subfield>
        <subfield code='t'>26</subfield>
        <subfield code='c'>1</subfield>
        <subfield code='o'>0</subfield>
        <subfield code='b'>HATL-9850-00001</subfield>
        <subfield code='p'>099#9</subfield>
        <subfield code='q'>|a1-3 no. 38923.</subfield>
      </datafield>
      <datafield ind1='0' ind2='0' tag='999'>
        <subfield code='a'>2004-10-01 00:00:00-04</subfield>
        <subfield code='c'>2004-10-03 07:54:12-04</subfield>
        <subfield code='u'>2013-10-30 08:51:48-04</subfield>
      </datafield>
  </record>