
  <record>
    <leader>00000cim  2200265Ia 4500</leader>
      <controlfield tag='008'>960509s1996    nyu  n         d    eng d</controlfield>
      <controlfield tag='007'>sdufungnn----d</controlfield>
      <controlfield tag='001'>34698626</controlfield>
      <controlfield tag='005'>19970709145150.0</controlfield>
      <datafield ind1=' ' ind2=' ' tag='020'>
        <subfield code='a'>0694515841</subfield>
      </datafield>
      <datafield ind1='0' ind2='2' tag='028'>
        <subfield code='a'>CD 231</subfield>
        <subfield code='b'>Caedmon Audio</subfield>
      </datafield>
      <datafield ind1=' ' ind2=' ' tag='040'>
        <subfield code='a'>GMU</subfield>
        <subfield code='c'>GMU</subfield>
        <subfield code='d'>NOC</subfield>
      </datafield>
      <datafield ind1='1' ind2=' ' tag='100'>
        <subfield code='a'>Shakespeare, William,</subfield>
        <subfield code='d'>1564-1616.</subfield>
      </datafield>
      <datafield ind1='0' ind2='0' tag='240'>
        <subfield code='a'>Macbeth</subfield>
      </datafield>
      <datafield ind1='1' ind2='0' tag='245'>
        <subfield code='a'>Macbeth</subfield>
        <subfield code='h'>[sound recording] /</subfield>
        <subfield code='c'>William Shakespeare.</subfield>
      </datafield>
      <datafield ind1=' ' ind2=' ' tag='260'>
        <subfield code='a'>New York :</subfield>
        <subfield code='b'>Caedmon Audio,</subfield>
        <subfield code='c'>1996.</subfield>
      </datafield>
      <datafield ind1=' ' ind2=' ' tag='300'>
        <subfield code='a'>2 sound discs (ca 131 min.) :</subfield>
        <subfield code='b'>digital ;</subfield>
        <subfield code='c'>4 3/4 in.</subfield>
      </datafield>
      <datafield ind1=' ' ind2=' ' tag='306'>
        <subfield code='a'>021044</subfield>
      </datafield>
      <datafield ind1=' ' ind2=' ' tag='500'>
        <subfield code='a'>Compact disc.</subfield>
      </datafield>
      <datafield ind1='0' ind2=' ' tag='511'>
        <subfield code='a'>Play, starring Anthony Quayle, Gwen Ffrangçon-Davies, Stanley Holloway ; Howard Sackler, director.</subfield>
      </datafield>
      <datafield ind1=' ' ind2=' ' tag='518'>
        <subfield code='a'>Recorded in 1960.</subfield>
      </datafield>
      <datafield ind1='1' ind2=' ' tag='700'>
        <subfield code='a'>Quayle, Anthony,</subfield>
        <subfield code='d'>1913-1989.</subfield>
      </datafield>
      <datafield ind1='1' ind2=' ' tag='700'>
        <subfield code='a'>Ffrangcon-Davies, Gwen,</subfield>
        <subfield code='d'>1891-1992.</subfield>
      </datafield>
      <datafield ind1=' ' ind2=' ' tag='907'>
        <subfield code='a'>b3013684</subfield>
      </datafield>
      <datafield ind1='9' ind2='1' tag='999'>
        <subfield code='i'>i4288326</subfield>
        <subfield code='l'>truls</subfield>
        <subfield code='s'>o</subfield>
        <subfield code='t'>49</subfield>
        <subfield code='c'>1</subfield>
        <subfield code='o'>0</subfield>
        <subfield code='b'>00010424686</subfield>
        <subfield code='p'>099#9</subfield>
        <subfield code='q'>|a65-CD1060</subfield>
        <subfield code='v'>Suppl.: &quot;text&quot;</subfield>
        <subfield code='n'>Ask at Media Resources Desk for assistance. Phone: (919)-962-2559. Email address: mrc@unc.edu</subfield>
      </datafield>
      <datafield ind1='9' ind2='1' tag='999'>
        <subfield code='i'>i4288327</subfield>
        <subfield code='l'>truls</subfield>
        <subfield code='s'>o</subfield>
        <subfield code='t'>49</subfield>
        <subfield code='c'>1</subfield>
        <subfield code='o'>33</subfield>
        <subfield code='b'>00010424472</subfield>
        <subfield code='p'>099#9</subfield>
        <subfield code='q'>|a65-CD1060</subfield>
        <subfield code='v'>disc1</subfield>
        <subfield code='n'>Ask at Media Resources Desk for assistance. Phone: (919)-962-2559. Email address: mrc@unc.edu</subfield>
      </datafield>
      <datafield ind1='9' ind2='1' tag='999'>
        <subfield code='i'>i4288328</subfield>
        <subfield code='l'>truls</subfield>
        <subfield code='s'>o</subfield>
        <subfield code='t'>49</subfield>
        <subfield code='c'>1</subfield>
        <subfield code='o'>24</subfield>
        <subfield code='b'>00010424882</subfield>
        <subfield code='p'>099#9</subfield>
        <subfield code='q'>|a65-CD1060</subfield>
        <subfield code='v'>disc2</subfield>
        <subfield code='n'>Ask at Media Resources Desk for assistance. Phone: (919)-962-2559. Email address: mrc@unc.edu</subfield>
      </datafield>
      <datafield ind1='0' ind2='0' tag='999'>
        <subfield code='a'>2004-10-01 00:00:00-04</subfield>
        <subfield code='c'>2004-10-04 09:33:27-04</subfield>
        <subfield code='u'>2014-05-22 06:07:32-04</subfield>
      </datafield>
  </record>