
  <record>
    <leader>00000cam a2200253 a 4500</leader>
      <controlfield tag='008'>921214s1992    enkac         000 d eng d</controlfield>
      <controlfield tag='001'>27336711</controlfield>
      <controlfield tag='005'>19970618153611.0</controlfield>
      <datafield ind1=' ' ind2=' ' tag='015'>
        <subfield code='a'>GB93-625</subfield>
      </datafield>
      <datafield ind1=' ' ind2=' ' tag='020'>
        <subfield code='a'>0582088275 (pbk)</subfield>
      </datafield>
      <datafield ind1=' ' ind2=' ' tag='040'>
        <subfield code='a'>UKM</subfield>
        <subfield code='c'>UKM</subfield>
        <subfield code='d'>IAE</subfield>
        <subfield code='d'>NOC</subfield>
      </datafield>
      <datafield ind1='0' ind2='4' tag='082'>
        <subfield code='a'>822.33</subfield>
        <subfield code='2'>20</subfield>
      </datafield>
      <datafield ind1='1' ind2=' ' tag='100'>
        <subfield code='a'>Shakespeare, William,</subfield>
        <subfield code='d'>1564-1616.</subfield>
      </datafield>
      <datafield ind1='1' ind2='0' tag='245'>
        <subfield code='a'>Macbeth /</subfield>
        <subfield code='c'>William Shakespeare ; editor, Robert Southwick.</subfield>
      </datafield>
      <datafield ind1=' ' ind2=' ' tag='260'>
        <subfield code='a'>Harlow :</subfield>
        <subfield code='b'>Longman,</subfield>
        <subfield code='c'>1992.</subfield>
      </datafield>
      <datafield ind1=' ' ind2=' ' tag='300'>
        <subfield code='a'>xx, 284 p. :</subfield>
        <subfield code='b'>ill., 1 port. ;</subfield>
        <subfield code='c'>20 cm.</subfield>
      </datafield>
      <datafield ind1='0' ind2=' ' tag='653'>
        <subfield code='a'>English drama</subfield>
      </datafield>
      <datafield ind1='1' ind2=' ' tag='700'>
        <subfield code='a'>Southwick, Robert,</subfield>
        <subfield code='e'>editor.</subfield>
      </datafield>
      <datafield ind1=' ' ind2=' ' tag='907'>
        <subfield code='a'>b3028723</subfield>
      </datafield>
      <datafield ind1='9' ind2='1' tag='999'>
        <subfield code='i'>i4307490</subfield>
        <subfield code='l'>ddda</subfield>
        <subfield code='s'>-</subfield>
        <subfield code='t'>0</subfield>
        <subfield code='c'>1</subfield>
        <subfield code='o'>19</subfield>
        <subfield code='b'>00014014247</subfield>
        <subfield code='p'>090##</subfield>
        <subfield code='q'>|aPR2823.A2 S688 1992</subfield>
      </datafield>
      <datafield ind1='0' ind2='0' tag='999'>
        <subfield code='a'>2004-10-01 00:00:00-04</subfield>
        <subfield code='c'>2004-10-04 09:35:02-04</subfield>
        <subfield code='u'>2018-01-15 13:29:15-05</subfield>
      </datafield>
  </record>