
  <record>
    <leader>00000cam  2200301 a 4500</leader>
      <controlfield tag='008'>960528s1997    enka     b    000 0 eng  </controlfield>
      <controlfield tag='001'>34875928</controlfield>
      <controlfield tag='005'>19971003105513.0</controlfield>
      <datafield ind1=' ' ind2=' ' tag='010'>
        <subfield code='a'>96023374</subfield>
      </datafield>
      <datafield ind1=' ' ind2=' ' tag='020'>
        <subfield code='a'>0521223407 (hardback)</subfield>
      </datafield>
      <datafield ind1=' ' ind2=' ' tag='020'>
        <subfield code='a'>052129455X (paperback)</subfield>
      </datafield>
      <datafield ind1=' ' ind2=' ' tag='040'>
        <subfield code='a'>DLC</subfield>
        <subfield code='c'>DLC</subfield>
        <subfield code='d'>NOC</subfield>
      </datafield>
      <datafield ind1='0' ind2='0' tag='050'>
        <subfield code='a'>PR2823.A2</subfield>
        <subfield code='b'>B73 1997</subfield>
      </datafield>
      <datafield ind1='0' ind2='0' tag='082'>
        <subfield code='a'>822.3/3</subfield>
        <subfield code='2'>20</subfield>
      </datafield>
      <datafield ind1='1' ind2=' ' tag='100'>
        <subfield code='a'>Shakespeare, William,</subfield>
        <subfield code='d'>1564-1616.</subfield>
      </datafield>
      <datafield ind1='1' ind2='0' tag='245'>
        <subfield code='a'>Macbeth /</subfield>
        <subfield code='c'>edited by A.R. Braunmuller.</subfield>
      </datafield>
      <datafield ind1=' ' ind2=' ' tag='260'>
        <subfield code='a'>Cambridge ;</subfield>
        <subfield code='a'>New York, NY, USA :</subfield>
        <subfield code='b'>Cambridge University Press,</subfield>
        <subfield code='c'>1997.</subfield>
      </datafield>
      <datafield ind1=' ' ind2=' ' tag='300'>
        <subfield code='a'>xii, 280 p. :</subfield>
        <subfield code='b'>ill. ;</subfield>
        <subfield code='c'>24  cm.</subfield>
      </datafield>
      <datafield ind1=' ' ind2=' ' tag='504'>
        <subfield code='a'>Includes bibliographical references (p. 279-280).</subfield>
      </datafield>
      <datafield ind1='0' ind2='0' tag='600'>
        <subfield code='a'>Macbeth,</subfield>
        <subfield code='c'>King of Scotland,</subfield>
        <subfield code='d'>active 11th century</subfield>
        <subfield code='v'>Drama.</subfield>
      </datafield>
      <datafield ind1='1' ind2=' ' tag='700'>
        <subfield code='a'>Braunmuller, A. R.,</subfield>
        <subfield code='d'>1945-</subfield>
      </datafield>
      <datafield ind1='1' ind2=' ' tag='800'>
        <subfield code='a'>Shakespeare, William,</subfield>
        <subfield code='d'>1564-1616.</subfield>
        <subfield code='t'>Works.</subfield>
        <subfield code='f'>1984.</subfield>
        <subfield code='s'>Cambridge University Press.</subfield>
      </datafield>
      <datafield ind1=' ' ind2=' ' tag='907'>
        <subfield code='a'>b3064657</subfield>
      </datafield>
      <datafield ind1='9' ind2='1' tag='999'>
        <subfield code='i'>i4354873</subfield>
        <subfield code='l'>ddda</subfield>
        <subfield code='s'>-</subfield>
        <subfield code='t'>0</subfield>
        <subfield code='c'>1</subfield>
        <subfield code='o'>19</subfield>
        <subfield code='d'>20180815</subfield>
        <subfield code='b'>00014505724</subfield>
        <subfield code='p'>090##</subfield>
        <subfield code='q'>|aPR2823.A2 B73 1997</subfield>
      </datafield>
      <datafield ind1='9' ind2='1' tag='999'>
        <subfield code='i'>i4354874</subfield>
        <subfield code='l'>ddcc</subfield>
        <subfield code='s'>-</subfield>
        <subfield code='t'>0</subfield>
        <subfield code='c'>2</subfield>
        <subfield code='o'>7</subfield>
        <subfield code='b'>00014505733</subfield>
        <subfield code='p'>090##</subfield>
        <subfield code='q'>|aPR2823.A2 B73 1997</subfield>
      </datafield>
      <datafield ind1='0' ind2='0' tag='999'>
        <subfield code='a'>2004-10-01 00:00:00-04</subfield>
        <subfield code='c'>2004-10-04 09:38:40-04</subfield>
        <subfield code='u'>2013-10-09 09:00:54-04</subfield>
      </datafield>
  </record>