
  <record>
    <leader>00000cim  2200289I  4500</leader>
      <controlfield tag='008'>770506m19601963xxu  n         d    eng  </controlfield>
      <controlfield tag='007'>sd bmmenn----u</controlfield>
      <controlfield tag='001'>2946549</controlfield>
      <controlfield tag='005'>20030411165146.0</controlfield>
      <datafield ind1=' ' ind2=' ' tag='010'>
        <subfield code='a'>r  63001509</subfield>
      </datafield>
      <datafield ind1=' ' ind2=' ' tag='019'>
        <subfield code='a'>5818383</subfield>
      </datafield>
      <datafield ind1=' ' ind2=' ' tag='040'>
        <subfield code='a'>DLC</subfield>
        <subfield code='c'>COO</subfield>
        <subfield code='d'>OCL</subfield>
        <subfield code='d'>CCH</subfield>
        <subfield code='d'>OCL</subfield>
        <subfield code='d'>OCLCQ</subfield>
        <subfield code='d'>NOC</subfield>
      </datafield>
      <datafield ind1=' ' ind2=' ' tag='043'>
        <subfield code='a'>e-uk-en</subfield>
      </datafield>
      <datafield ind1=' ' ind2=' ' tag='045'>
        <subfield code='a'>t6u1</subfield>
      </datafield>
      <datafield ind1='1' ind2=' ' tag='100'>
        <subfield code='a'>Shakespeare, William,</subfield>
        <subfield code='d'>1564-1616.</subfield>
      </datafield>
      <datafield ind1='1' ind2='0' tag='245'>
        <subfield code='a'>Macbeth.</subfield>
        <subfield code='h'>[sound recording].</subfield>
      </datafield>
      <datafield ind1=' ' ind2=' ' tag='260'>
        <subfield code='a'>[s.l.] :</subfield>
        <subfield code='b'>London,</subfield>
      </datafield>
      <datafield ind1=' ' ind2=' ' tag='300'>
        <subfield code='a'>6 s. :</subfield>
        <subfield code='b'>33 1/3 rpm.microgroove ;</subfield>
        <subfield code='c'>12 in.</subfield>
      </datafield>
      <datafield ind1=' ' ind2=' ' tag='500'>
        <subfield code='a'>&quot;Recorded under the auspices of the British Council.&quot;</subfield>
      </datafield>
      <datafield ind1=' ' ind2=' ' tag='500'>
        <subfield code='a'>Manual sequence.</subfield>
      </datafield>
      <datafield ind1=' ' ind2=' ' tag='500'>
        <subfield code='a'>Critical notes on container; synopsis of the plot ([4] p.) laid in.</subfield>
      </datafield>
      <datafield ind1=' ' ind2=' ' tag='511'>
        <subfield code='a'>Marlowe Society and Professional Players; George Rylands, director.</subfield>
      </datafield>
      <datafield ind1='1' ind2=' ' tag='700'>
        <subfield code='a'>Rylands, George,</subfield>
        <subfield code='d'>1902-1999.</subfield>
        <subfield code='4'>prf</subfield>
      </datafield>
      <datafield ind1='2' ind2=' ' tag='710'>
        <subfield code='a'>Marlowe Dramatic Society.</subfield>
        <subfield code='4'>prf</subfield>
      </datafield>
      <datafield ind1=' ' ind2=' ' tag='907'>
        <subfield code='a'>b3130808</subfield>
      </datafield>
      <datafield ind1='9' ind2='1' tag='999'>
        <subfield code='i'>i4443669</subfield>
        <subfield code='l'>truls</subfield>
        <subfield code='s'>o</subfield>
        <subfield code='t'>50</subfield>
        <subfield code='c'>2</subfield>
        <subfield code='o'>3</subfield>
        <subfield code='b'>10000650243</subfield>
        <subfield code='p'>099#9</subfield>
        <subfield code='q'>|a65-LP15A</subfield>
        <subfield code='n'>Ask at Media Resources Desk for assistance. Phone: (919)-962-2559. Email address: mrc@unc.edu</subfield>
      </datafield>
      <datafield ind1='0' ind2='0' tag='999'>
        <subfield code='a'>2004-10-01 00:00:00-04</subfield>
        <subfield code='c'>2004-10-04 10:08:58-04</subfield>
        <subfield code='u'>2016-02-05 11:27:04-05</subfield>
      </datafield>
  </record>