
  <record>
    <leader>00000cim  2200325Ia 4500</leader>
      <controlfield tag='008'>780327s1953    nyunnn   h     d    eng c</controlfield>
      <controlfield tag='007'>sd bmmenn-nn--</controlfield>
      <controlfield tag='001'>3752307</controlfield>
      <controlfield tag='005'>20030411164945.0</controlfield>
      <datafield ind1=' ' ind2=' ' tag='010'>
        <subfield code='a'>ra 56000189</subfield>
      </datafield>
      <datafield ind1='0' ind2='2' tag='028'>
        <subfield code='a'>LM-6010</subfield>
        <subfield code='b'>RCA Victor</subfield>
      </datafield>
      <datafield ind1=' ' ind2=' ' tag='040'>
        <subfield code='a'>California.  Univ. Libr</subfield>
        <subfield code='c'>AZS</subfield>
        <subfield code='d'>OCL</subfield>
        <subfield code='d'>BGU</subfield>
        <subfield code='d'>NOC</subfield>
      </datafield>
      <datafield ind1='1' ind2=' ' tag='100'>
        <subfield code='a'>Shakespeare, William,</subfield>
        <subfield code='d'>1564-1616.</subfield>
        <subfield code='4'>aut</subfield>
      </datafield>
      <datafield ind1='1' ind2='0' tag='245'>
        <subfield code='a'>Macbeth</subfield>
        <subfield code='h'>[sound recording] :</subfield>
        <subfield code='b'>Complete /</subfield>
        <subfield code='c'>William Shakespeare.</subfield>
      </datafield>
      <datafield ind1=' ' ind2=' ' tag='260'>
        <subfield code='a'>[New York] :</subfield>
        <subfield code='b'>RCA Victor,</subfield>
        <subfield code='c'>[1953]</subfield>
      </datafield>
      <datafield ind1=' ' ind2=' ' tag='300'>
        <subfield code='a'>2 sound discs :</subfield>
        <subfield code='b'>analog, 33 1/3 rpm, mono. ;</subfield>
        <subfield code='c'>12 in.</subfield>
      </datafield>
      <datafield ind1=' ' ind2=' ' tag='500'>
        <subfield code='a'>Automatic sequence.</subfield>
      </datafield>
      <datafield ind1=' ' ind2=' ' tag='500'>
        <subfield code='a'>Biographical notes ([8] p.) laid in container.</subfield>
      </datafield>
      <datafield ind1='0' ind2=' ' tag='511'>
        <subfield code='a'>Old Vic Company, starring Alec Guiness, Pamela Brown, Andrew Cruickshank, and Robin Bailey ; directed by Frank Hauser.</subfield>
      </datafield>
      <datafield ind1='1' ind2=' ' tag='700'>
        <subfield code='a'>Guinness, Alec,</subfield>
        <subfield code='d'>1914-2000.</subfield>
        <subfield code='4'>prf</subfield>
      </datafield>
      <datafield ind1='1' ind2=' ' tag='700'>
        <subfield code='a'>Brown, Pamela,</subfield>
        <subfield code='d'>1924-1989.</subfield>
        <subfield code='4'>prf</subfield>
      </datafield>
      <datafield ind1='1' ind2=' ' tag='700'>
        <subfield code='a'>Cruickshank, Andrew,</subfield>
        <subfield code='d'>1907-1988.</subfield>
        <subfield code='4'>prf</subfield>
      </datafield>
      <datafield ind1='1' ind2=' ' tag='700'>
        <subfield code='a'>Bailey, Robin.</subfield>
        <subfield code='4'>prf</subfield>
      </datafield>
      <datafield ind1='1' ind2=' ' tag='700'>
        <subfield code='a'>Hauser, Frank,</subfield>
        <subfield code='d'>1922-2007.</subfield>
        <subfield code='4'>drt</subfield>
      </datafield>
      <datafield ind1='2' ind2=' ' tag='710'>
        <subfield code='a'>Old Vic Company.</subfield>
      </datafield>
      <datafield ind1=' ' ind2=' ' tag='907'>
        <subfield code='a'>b3130809</subfield>
      </datafield>
      <datafield ind1='9' ind2='1' tag='999'>
        <subfield code='i'>i4443671</subfield>
        <subfield code='l'>truls</subfield>
        <subfield code='s'>o</subfield>
        <subfield code='t'>50</subfield>
        <subfield code='c'>1</subfield>
        <subfield code='o'>0</subfield>
        <subfield code='b'>00010409765</subfield>
        <subfield code='p'>099#9</subfield>
        <subfield code='q'>|a65-LP15</subfield>
        <subfield code='n'>Ask at Media Resources Desk for assistance. Phone: (919)-962-2559. Email address: mrc@unc.edu</subfield>
      </datafield>
      <datafield ind1='0' ind2='0' tag='999'>
        <subfield code='a'>2004-10-01 00:00:00-04</subfield>
        <subfield code='c'>2004-10-04 10:08:00-04</subfield>
        <subfield code='u'>2014-02-22 06:10:38-05</subfield>
      </datafield>
  </record>