
  <record>
    <leader>00000cam  2200337Ia 4500</leader>
      <controlfield tag='008'>990423s1999    maua     b    001 0 eng d</controlfield>
      <controlfield tag='001'>41242311</controlfield>
      <controlfield tag='005'>19990607114247.0</controlfield>
      <datafield ind1=' ' ind2=' ' tag='010'>
        <subfield code='a'>98087542</subfield>
      </datafield>
      <datafield ind1=' ' ind2=' ' tag='020'>
        <subfield code='z'>03121068X (hardcover)</subfield>
      </datafield>
      <datafield ind1=' ' ind2=' ' tag='020'>
        <subfield code='a'>0312144547 (pbk.)</subfield>
      </datafield>
      <datafield ind1=' ' ind2=' ' tag='040'>
        <subfield code='a'>KMM</subfield>
        <subfield code='c'>KMM</subfield>
        <subfield code='d'>BOS</subfield>
        <subfield code='d'>NOC</subfield>
      </datafield>
      <datafield ind1='1' ind2=' ' tag='100'>
        <subfield code='a'>Shakespeare, William,</subfield>
        <subfield code='d'>1564-1616.</subfield>
      </datafield>
      <datafield ind1='1' ind2='0' tag='245'>
        <subfield code='a'>Macbeth :</subfield>
        <subfield code='b'>texts and contexts /</subfield>
        <subfield code='c'>William Shakespeare ; edited by William C. Carroll.</subfield>
      </datafield>
      <datafield ind1=' ' ind2=' ' tag='260'>
        <subfield code='a'>Boston :</subfield>
        <subfield code='b'>Bedford/St. Martin&apos;s,</subfield>
        <subfield code='c'>1999.</subfield>
      </datafield>
      <datafield ind1=' ' ind2=' ' tag='300'>
        <subfield code='a'>xx, 394 p. :</subfield>
        <subfield code='b'>ill. ;</subfield>
        <subfield code='c'>22 cm.</subfield>
      </datafield>
      <datafield ind1=' ' ind2=' ' tag='500'>
        <subfield code='a'>At head of title: William Shakespeare.</subfield>
      </datafield>
      <datafield ind1=' ' ind2=' ' tag='504'>
        <subfield code='a'>Includes bibliographical references (p. 369-377) and index.</subfield>
      </datafield>
      <datafield ind1='0' ind2='1' tag='600'>
        <subfield code='a'>Macbeth,</subfield>
        <subfield code='c'>King of Scotland,</subfield>
        <subfield code='d'>active 11th century</subfield>
        <subfield code='v'>Drama.</subfield>
      </datafield>
      <datafield ind1='1' ind2='0' tag='600'>
        <subfield code='a'>Shakespeare, William,</subfield>
        <subfield code='d'>1564-1616</subfield>
        <subfield code='x'>Political and social views.</subfield>
      </datafield>
      <datafield ind1=' ' ind2='0' tag='650'>
        <subfield code='a'>Literature and society</subfield>
        <subfield code='z'>England</subfield>
        <subfield code='x'>History</subfield>
        <subfield code='y'>16th century.</subfield>
      </datafield>
      <datafield ind1=' ' ind2='0' tag='650'>
        <subfield code='a'>Literature and society</subfield>
        <subfield code='z'>England</subfield>
        <subfield code='x'>History</subfield>
        <subfield code='y'>17th century.</subfield>
      </datafield>
      <datafield ind1='1' ind2=' ' tag='700'>
        <subfield code='a'>Carroll, William C.,</subfield>
        <subfield code='d'>1945-</subfield>
      </datafield>
      <datafield ind1='1' ind2=' ' tag='800'>
        <subfield code='a'>Shakespeare, William,</subfield>
        <subfield code='d'>1564-1616.</subfield>
        <subfield code='t'>Works.</subfield>
        <subfield code='f'>1997.</subfield>
        <subfield code='s'>Bedford Books.</subfield>
      </datafield>
      <datafield ind1=' ' ind2=' ' tag='907'>
        <subfield code='a'>b3236081</subfield>
      </datafield>
      <datafield ind1='9' ind2='1' tag='999'>
        <subfield code='i'>i4596479</subfield>
        <subfield code='l'>ddda</subfield>
        <subfield code='s'>-</subfield>
        <subfield code='t'>0</subfield>
        <subfield code='c'>1</subfield>
        <subfield code='o'>19</subfield>
        <subfield code='d'>20180815</subfield>
        <subfield code='b'>00016689246</subfield>
        <subfield code='p'>090##</subfield>
        <subfield code='q'>|aPR2823.A2 C37 1999</subfield>
      </datafield>
      <datafield ind1='0' ind2='0' tag='999'>
        <subfield code='a'>2004-10-01 00:00:00-04</subfield>
        <subfield code='c'>2004-10-04 10:24:42-04</subfield>
        <subfield code='u'>2013-10-09 12:49:48-04</subfield>
      </datafield>
  </record>