
  <record>
    <leader>00000cam a2200361   4500</leader>
      <controlfield tag='008'>731001s1967    enk      b    000 0 eng  </controlfield>
      <controlfield tag='001'>918042</controlfield>
      <controlfield tag='005'>20010316120528.0</controlfield>
      <datafield ind1=' ' ind2=' ' tag='010'>
        <subfield code='a'>67097714</subfield>
      </datafield>
      <datafield ind1=' ' ind2=' ' tag='015'>
        <subfield code='a'>B67-8717</subfield>
      </datafield>
      <datafield ind1=' ' ind2=' ' tag='019'>
        <subfield code='a'>10543278</subfield>
      </datafield>
      <datafield ind1=' ' ind2=' ' tag='020'>
        <subfield code='a'>0140707050</subfield>
      </datafield>
      <datafield ind1=' ' ind2=' ' tag='040'>
        <subfield code='a'>DLC</subfield>
        <subfield code='c'>DLC</subfield>
        <subfield code='d'>MNU</subfield>
        <subfield code='d'>XTA</subfield>
        <subfield code='d'>NOC</subfield>
      </datafield>
      <datafield ind1='0' ind2='0' tag='050'>
        <subfield code='a'>PR2823.A2</subfield>
        <subfield code='b'>H83</subfield>
      </datafield>
      <datafield ind1='1' ind2=' ' tag='100'>
        <subfield code='a'>Shakespeare, William,</subfield>
        <subfield code='d'>1564-1616.</subfield>
      </datafield>
      <datafield ind1='1' ind2='0' tag='245'>
        <subfield code='a'>Macbeth;</subfield>
        <subfield code='c'>edited by G. K. Hunter.</subfield>
      </datafield>
      <datafield ind1=' ' ind2=' ' tag='260'>
        <subfield code='a'>Harmondsworth,</subfield>
        <subfield code='b'>Penguin,</subfield>
        <subfield code='c'>1967.</subfield>
      </datafield>
      <datafield ind1=' ' ind2=' ' tag='300'>
        <subfield code='a'>200 p.</subfield>
        <subfield code='c'>18 cm.</subfield>
      </datafield>
      <datafield ind1=' ' ind2=' ' tag='504'>
        <subfield code='a'>Bibliography: p. 47-[48]</subfield>
      </datafield>
      <datafield ind1='0' ind2='0' tag='600'>
        <subfield code='a'>Macbeth,</subfield>
        <subfield code='c'>King of Scotland,</subfield>
        <subfield code='d'>active 11th century</subfield>
        <subfield code='v'>Drama.</subfield>
      </datafield>
      <datafield ind1=' ' ind2='7' tag='655'>
        <subfield code='a'>Tragedies.</subfield>
        <subfield code='2'>lcgft</subfield>
      </datafield>
      <datafield ind1='1' ind2=' ' tag='700'>
        <subfield code='a'>Hunter, G. K.,</subfield>
        <subfield code='e'>editor.</subfield>
      </datafield>
      <datafield ind1=' ' ind2='0' tag='830'>
        <subfield code='a'>New Penguin Shakespeare ;</subfield>
        <subfield code='v'>NPS5.</subfield>
      </datafield>
      <datafield ind1=' ' ind2=' ' tag='907'>
        <subfield code='a'>b3789402</subfield>
      </datafield>
      <datafield ind1='9' ind2='1' tag='999'>
        <subfield code='i'>i5264485</subfield>
        <subfield code='l'>ddda</subfield>
        <subfield code='s'>-</subfield>
        <subfield code='t'>0</subfield>
        <subfield code='c'>1</subfield>
        <subfield code='o'>13</subfield>
        <subfield code='b'>10000860418</subfield>
        <subfield code='p'>090##</subfield>
        <subfield code='q'>|aPR2823.A2 H83</subfield>
      </datafield>
      <datafield ind1='0' ind2='0' tag='999'>
        <subfield code='a'>2004-10-01 00:00:00-04</subfield>
        <subfield code='c'>2004-10-06 10:13:44-04</subfield>
        <subfield code='u'>2016-10-30 13:05:51-04</subfield>
      </datafield>
  </record>