
  <record>
    <leader>00000cam  2200217   4500</leader>
      <controlfield tag='008'>790922s1794    enk|||| a     00| ||eng d</controlfield>
      <controlfield tag='001'>M-ESTCT62207</controlfield>
      <controlfield tag='005'>19961112105141.0</controlfield>
      <datafield ind1=' ' ind2=' ' tag='040'>
        <subfield code='a'>Uk-ES</subfield>
        <subfield code='c'>Uk-ES</subfield>
        <subfield code='d'>CStRLIN</subfield>
        <subfield code='d'>ResP</subfield>
      </datafield>
      <datafield ind1='1' ind2=' ' tag='100'>
        <subfield code='a'>Shakespeare, William,</subfield>
        <subfield code='d'>1564-1616.</subfield>
      </datafield>
      <datafield ind1='1' ind2='0' tag='245'>
        <subfield code='a'>Macbeth,</subfield>
        <subfield code='h'>[microform]</subfield>
        <subfield code='b'>written by Shakspeare. As represented by Their Majesties servants, on opening the Theatre Royal Drury Lane, Monday, April 21st. 1794.</subfield>
      </datafield>
      <datafield ind1=' ' ind2=' ' tag='250'>
        <subfield code='a'>The second edition.</subfield>
      </datafield>
      <datafield ind1=' ' ind2=' ' tag='260'>
        <subfield code='a'>London :</subfield>
        <subfield code='b'>printed by C. Lowndes, and sold in the theatre,</subfield>
        <subfield code='c'>[1794]</subfield>
      </datafield>
      <datafield ind1=' ' ind2=' ' tag='300'>
        <subfield code='a'>57,[3]p. ;</subfield>
        <subfield code='c'>8̕.</subfield>
      </datafield>
      <datafield ind1=' ' ind2=' ' tag='500'>
        <subfield code='a'>Slightly altered by J. P. Kemble.</subfield>
      </datafield>
      <datafield ind1=' ' ind2=' ' tag='500'>
        <subfield code='a'>With a final advertisement leaf.</subfield>
      </datafield>
      <datafield ind1=' ' ind2=' ' tag='533'>
        <subfield code='a'>Microfilm.</subfield>
        <subfield code='b'>Woodbridge, CT</subfield>
        <subfield code='c'>Research Publications, Inc.,</subfield>
        <subfield code='d'>1986.</subfield>
        <subfield code='e'>1 reel ; 35mm.</subfield>
        <subfield code='f'>(The Eighteenth Century ; reel 6817, no.27).</subfield>
      </datafield>
      <datafield ind1=' ' ind2='0' tag='830'>
        <subfield code='a'>Eighteenth century ;</subfield>
        <subfield code='v'>reel 6817, no. 27.</subfield>
      </datafield>
      <datafield ind1=' ' ind2=' ' tag='907'>
        <subfield code='a'>b3827688</subfield>
      </datafield>
      <datafield ind1='9' ind2='1' tag='999'>
        <subfield code='i'>i5309894</subfield>
        <subfield code='l'>dgdaa</subfield>
        <subfield code='s'>-</subfield>
        <subfield code='t'>28</subfield>
        <subfield code='c'>1</subfield>
        <subfield code='o'>0</subfield>
        <subfield code='b'>HBCX-2423-00001</subfield>
        <subfield code='p'>099#9</subfield>
        <subfield code='q'>|a1-2586 reel 6817, no.27</subfield>
      </datafield>
      <datafield ind1='0' ind2='0' tag='999'>
        <subfield code='a'>2004-10-01 00:00:00-04</subfield>
        <subfield code='c'>2004-10-06 10:17:47-04</subfield>
        <subfield code='u'>2016-02-03 11:42:23-05</subfield>
      </datafield>
  </record>