
  <record>
    <leader>00000nam  2200169   4500</leader>
      <controlfield tag='008'>790922s1778    gw |||| a     00| ||eng d</controlfield>
      <controlfield tag='001'>M-ESTCT62201</controlfield>
      <controlfield tag='005'>19961112105141.0</controlfield>
      <datafield ind1=' ' ind2=' ' tag='040'>
        <subfield code='a'>Uk-ES</subfield>
        <subfield code='c'>Uk-ES</subfield>
        <subfield code='d'>CStRLIN</subfield>
        <subfield code='d'>ResP</subfield>
      </datafield>
      <datafield ind1='1' ind2=' ' tag='100'>
        <subfield code='a'>Shakespeare, William,</subfield>
        <subfield code='d'>1564-1616.</subfield>
      </datafield>
      <datafield ind1='1' ind2='0' tag='245'>
        <subfield code='a'>Macbeth</subfield>
        <subfield code='h'>[microform]</subfield>
        <subfield code='b'>a tragedy by Shakespear. With explanatory notes selected from Dr. Johnson&apos;s and Mr. Steevens&apos;s commentaries.</subfield>
      </datafield>
      <datafield ind1=' ' ind2=' ' tag='260'>
        <subfield code='a'>Goettingen :</subfield>
        <subfield code='b'>to be sold by I. C. Dieterich,</subfield>
        <subfield code='c'>1778.</subfield>
      </datafield>
      <datafield ind1=' ' ind2=' ' tag='300'>
        <subfield code='a'>112p. ;</subfield>
        <subfield code='c'>8̕.</subfield>
      </datafield>
      <datafield ind1=' ' ind2=' ' tag='533'>
        <subfield code='a'>Microfilm.</subfield>
        <subfield code='b'>Woodbridge, CT</subfield>
        <subfield code='c'>Research Publications, Inc.,</subfield>
        <subfield code='d'>1983.</subfield>
        <subfield code='e'>1 reel ; 35mm.</subfield>
        <subfield code='f'>(The Eighteenth Century ; reel 543, no. 13).</subfield>
      </datafield>
      <datafield ind1=' ' ind2='0' tag='830'>
        <subfield code='a'>Eighteenth century ;</subfield>
        <subfield code='v'>reel 543, no. 13.</subfield>
      </datafield>
      <datafield ind1=' ' ind2=' ' tag='907'>
        <subfield code='a'>b3877217</subfield>
      </datafield>
      <datafield ind1='9' ind2='1' tag='999'>
        <subfield code='i'>i5359739</subfield>
        <subfield code='l'>dgdaa</subfield>
        <subfield code='s'>-</subfield>
        <subfield code='t'>28</subfield>
        <subfield code='c'>1</subfield>
        <subfield code='o'>0</subfield>
        <subfield code='b'>HBDH-1744-00001</subfield>
        <subfield code='p'>099#9</subfield>
        <subfield code='q'>|a1-2586 reel 543, no. 13</subfield>
      </datafield>
      <datafield ind1='0' ind2='0' tag='999'>
        <subfield code='a'>2004-10-01 00:00:00-04</subfield>
        <subfield code='c'>2004-10-06 10:38:35-04</subfield>
        <subfield code='u'>2016-02-03 11:42:23-05</subfield>
      </datafield>
  </record>