
  <record>
    <leader>00000nam  2200253   4500</leader>
      <controlfield tag='008'>820210s1745    enk|||| a     00| ||eng d</controlfield>
      <controlfield tag='001'>M-ESTCT135781</controlfield>
      <controlfield tag='005'>19990701111552.0</controlfield>
      <datafield ind1=' ' ind2=' ' tag='040'>
        <subfield code='a'>Uk-ES</subfield>
        <subfield code='c'>Uk-ES</subfield>
        <subfield code='d'>CStRLIN</subfield>
        <subfield code='d'>ResP</subfield>
      </datafield>
      <datafield ind1='1' ind2=' ' tag='100'>
        <subfield code='a'>Shakespeare, William,</subfield>
        <subfield code='d'>1564-1616.</subfield>
      </datafield>
      <datafield ind1='1' ind2='0' tag='240'>
        <subfield code='a'>Plays</subfield>
      </datafield>
      <datafield ind1='1' ind2='0' tag='245'>
        <subfield code='a'>Proposals for printing a new edition of the plays of William Shakespear,</subfield>
        <subfield code='b'>with notes critical and explanatory, ... By the author of the Miscellaneous observations on the tragedy of Macbeth.</subfield>
      </datafield>
      <datafield ind1=' ' ind2=' ' tag='260'>
        <subfield code='a'>[London :</subfield>
        <subfield code='b'>printed for E. Cave,</subfield>
        <subfield code='c'>1745]</subfield>
      </datafield>
      <datafield ind1=' ' ind2=' ' tag='300'>
        <subfield code='a'>1 sheet ;</subfield>
        <subfield code='c'>1/2̕.</subfield>
      </datafield>
      <datafield ind1=' ' ind2=' ' tag='500'>
        <subfield code='a'>&apos;The author of the Miscellaneous observations on the tragedy of Macbeth&apos; = Samuel Johnson.</subfield>
      </datafield>
      <datafield ind1=' ' ind2=' ' tag='500'>
        <subfield code='a'>At foot: &apos;Subscriptions are taken in, and receipts signed by E. Cave at St John&apos;s Gate; and by the editor.&apos;.</subfield>
      </datafield>
      <datafield ind1=' ' ind2=' ' tag='500'>
        <subfield code='a'>The work was never published.</subfield>
      </datafield>
      <datafield ind1=' ' ind2=' ' tag='500'>
        <subfield code='a'>In: Johnson&apos;s &apos;Miscellaneous observations on the tragedy of Macbeth&apos;, London, 1745.</subfield>
      </datafield>
      <datafield ind1=' ' ind2=' ' tag='533'>
        <subfield code='a'>Microfilm.</subfield>
        <subfield code='b'>Woodbridge, Conn.:</subfield>
        <subfield code='c'>Primary Source Media,</subfield>
        <subfield code='d'>1999.</subfield>
        <subfield code='e'>1 reel ; 35mm.</subfield>
        <subfield code='f'>(The Eighteenth Century ; reel 10200, no. 07).</subfield>
        <subfield code='7'>s1999    ctu  b</subfield>
      </datafield>
      <datafield ind1='1' ind2=' ' tag='700'>
        <subfield code='a'>Johnson, Samuel,</subfield>
        <subfield code='d'>1709-1784.</subfield>
      </datafield>
      <datafield ind1='0' ind2=' ' tag='730'>
        <subfield code='a'>Proposals for printing a new edition of the plays of William Shakespear.</subfield>
      </datafield>
      <datafield ind1=' ' ind2='0' tag='830'>
        <subfield code='a'>Eighteenth century ;</subfield>
        <subfield code='v'>reel 10200, no. 07.</subfield>
      </datafield>
      <datafield ind1=' ' ind2=' ' tag='907'>
        <subfield code='a'>b3993383</subfield>
      </datafield>
      <datafield ind1='9' ind2='1' tag='999'>
        <subfield code='i'>i5494890</subfield>
        <subfield code='l'>dgdaa</subfield>
        <subfield code='s'>-</subfield>
        <subfield code='t'>28</subfield>
        <subfield code='c'>1</subfield>
        <subfield code='o'>0</subfield>
        <subfield code='b'>HBEK-2922-00001</subfield>
        <subfield code='p'>099#9</subfield>
        <subfield code='q'>|a1-2586 reel 10200, no. 07</subfield>
      </datafield>
      <datafield ind1='0' ind2='0' tag='999'>
        <subfield code='a'>2004-10-01 00:00:00-04</subfield>
        <subfield code='c'>2004-10-06 22:56:55-04</subfield>
        <subfield code='u'>2016-02-03 10:27:03-05</subfield>
      </datafield>
  </record>