
  <record>
    <leader>00000nam a2200241K  4500</leader>
      <controlfield tag='008'>980529s1907    gw            000 0 ger d</controlfield>
      <controlfield tag='001'>39197197</controlfield>
      <controlfield tag='005'>20011002114107.0</controlfield>
      <datafield ind1=' ' ind2=' ' tag='040'>
        <subfield code='a'>IXA</subfield>
        <subfield code='c'>IXA</subfield>
        <subfield code='d'>NOC</subfield>
      </datafield>
      <datafield ind1='1' ind2=' ' tag='100'>
        <subfield code='a'>Shakespeare, William,</subfield>
        <subfield code='d'>1564-1616.</subfield>
      </datafield>
      <datafield ind1='1' ind2='0' tag='240'>
        <subfield code='a'>Macbeth</subfield>
      </datafield>
      <datafield ind1='1' ind2='0' tag='245'>
        <subfield code='a'>Shakespeare&apos;s Macbeth.</subfield>
        <subfield code='c'>Erklärt von Hermann Conrad.</subfield>
      </datafield>
      <datafield ind1=' ' ind2=' ' tag='260'>
        <subfield code='a'>Berlin,</subfield>
        <subfield code='b'>Weidmannsche buchhandlung,</subfield>
        <subfield code='c'>1907.</subfield>
      </datafield>
      <datafield ind1=' ' ind2=' ' tag='300'>
        <subfield code='a'>xxxix, 100 p.</subfield>
        <subfield code='c'>20 cm.</subfield>
      </datafield>
      <datafield ind1='1' ind2=' ' tag='700'>
        <subfield code='a'>Conrad, Hermann,</subfield>
        <subfield code='d'>1845-1917,</subfield>
        <subfield code='e'>editor.</subfield>
      </datafield>
      <datafield ind1=' ' ind2='0' tag='830'>
        <subfield code='a'>Weidmannsche sammlung französischer und englischer schrifsteller mit deutschen anmerkungen.</subfield>
      </datafield>
      <datafield ind1=' ' ind2=' ' tag='907'>
        <subfield code='a'>b4059953</subfield>
      </datafield>
      <datafield ind1='9' ind2='1' tag='999'>
        <subfield code='i'>i5574262</subfield>
        <subfield code='l'>trln</subfield>
        <subfield code='s'>-</subfield>
        <subfield code='t'>0</subfield>
        <subfield code='c'>1</subfield>
        <subfield code='o'>0</subfield>
        <subfield code='b'>00027809836</subfield>
        <subfield code='p'>092##</subfield>
        <subfield code='q'>|a822.12 MazCon</subfield>
      </datafield>
      <datafield ind1='0' ind2='0' tag='999'>
        <subfield code='a'>2004-10-01 00:00:00-04</subfield>
        <subfield code='c'>2004-10-06 23:03:00-04</subfield>
        <subfield code='u'>2018-01-12 18:15:09-05</subfield>
      </datafield>
  </record>