
  <record>
    <leader>00000nam a2200229M  4500</leader>
      <controlfield tag='008'>820914s1889    nyuaf         000 0 eng d</controlfield>
      <controlfield tag='001'>31497628</controlfield>
      <controlfield tag='005'>20011002120515.0</controlfield>
      <datafield ind1=' ' ind2=' ' tag='040'>
        <subfield code='a'>ZCU</subfield>
        <subfield code='c'>ZCU</subfield>
        <subfield code='d'>NOC</subfield>
      </datafield>
      <datafield ind1='1' ind2=' ' tag='100'>
        <subfield code='a'>Shakespeare, William,</subfield>
        <subfield code='d'>1564-1616.</subfield>
      </datafield>
      <datafield ind1='1' ind2='0' tag='240'>
        <subfield code='a'>Macbeth</subfield>
      </datafield>
      <datafield ind1='1' ind2='4' tag='245'>
        <subfield code='a'>The tragedie of Macbeth;</subfield>
        <subfield code='c'>with illustrations and notes by J. Moyr Smith.</subfield>
      </datafield>
      <datafield ind1=' ' ind2=' ' tag='260'>
        <subfield code='a'>New York,</subfield>
        <subfield code='b'>White and Allen</subfield>
        <subfield code='c'>[1889]</subfield>
      </datafield>
      <datafield ind1=' ' ind2=' ' tag='300'>
        <subfield code='a'>1 p. l., xxx, 87, [1] p.</subfield>
        <subfield code='b'>front., illus., col. plates.</subfield>
        <subfield code='c'>38 cm.</subfield>
      </datafield>
      <datafield ind1=' ' ind2=' ' tag='500'>
        <subfield code='a'>Added t.-p., illus.</subfield>
      </datafield>
      <datafield ind1='1' ind2=' ' tag='700'>
        <subfield code='a'>Smith, J. Moyr,</subfield>
        <subfield code='e'>illustrator,</subfield>
        <subfield code='e'>editor.</subfield>
      </datafield>
      <datafield ind1=' ' ind2=' ' tag='907'>
        <subfield code='a'>b4059995</subfield>
      </datafield>
      <datafield ind1='9' ind2='1' tag='999'>
        <subfield code='i'>i5574313</subfield>
        <subfield code='l'>dndb</subfield>
        <subfield code='s'>m</subfield>
        <subfield code='t'>0</subfield>
        <subfield code='c'>1</subfield>
        <subfield code='o'>0</subfield>
        <subfield code='b'>HBFB-8935-00001</subfield>
        <subfield code='p'>092##</subfield>
        <subfield code='q'>|a822.12 Ma 1889</subfield>
      </datafield>
      <datafield ind1='0' ind2='0' tag='999'>
        <subfield code='a'>2004-10-01 00:00:00-04</subfield>
        <subfield code='c'>2004-10-06 23:03:55-04</subfield>
        <subfield code='u'>2018-01-15 13:29:44-05</subfield>
      </datafield>
  </record>