
  <record>
    <leader>00000cim a2200481Ia 4500</leader>
      <controlfield tag='008'>980827s1998    gw nnn   f     d    eng d</controlfield>
      <controlfield tag='007'>sd fsngnn---ed</controlfield>
      <controlfield tag='001'>40985730</controlfield>
      <controlfield tag='005'>20020227112436.0</controlfield>
      <datafield ind1=' ' ind2=' ' tag='020'>
        <subfield code='a'>9626341629</subfield>
      </datafield>
      <datafield ind1='0' ind2='0' tag='028'>
        <subfield code='a'>NA316212</subfield>
        <subfield code='b'>Naxos Audiobooks</subfield>
      </datafield>
      <datafield ind1='0' ind2='0' tag='028'>
        <subfield code='a'>NA316222</subfield>
        <subfield code='b'>Naxos AudioBooks</subfield>
      </datafield>
      <datafield ind1='0' ind2='0' tag='028'>
        <subfield code='a'>NA316232</subfield>
        <subfield code='b'>Naxos AudioBooks</subfield>
      </datafield>
      <datafield ind1=' ' ind2=' ' tag='040'>
        <subfield code='a'>HLS</subfield>
        <subfield code='c'>HLS</subfield>
        <subfield code='d'>OIP</subfield>
        <subfield code='d'>NOC</subfield>
      </datafield>
      <datafield ind1=' ' ind2='4' tag='050'>
        <subfield code='a'>PR2823</subfield>
        <subfield code='b'>.A23 1998</subfield>
      </datafield>
      <datafield ind1='1' ind2=' ' tag='100'>
        <subfield code='a'>Shakespeare, William,</subfield>
        <subfield code='d'>1564-1616.</subfield>
      </datafield>
      <datafield ind1='1' ind2='0' tag='245'>
        <subfield code='a'>Macbeth</subfield>
        <subfield code='h'>[sound recording] /</subfield>
        <subfield code='c'>William Shakespeare.</subfield>
      </datafield>
      <datafield ind1=' ' ind2=' ' tag='260'>
        <subfield code='a'>[Germany?] :</subfield>
        <subfield code='b'>Naxos AudioBooks Ltd.,</subfield>
        <subfield code='c'>p1998.</subfield>
      </datafield>
      <datafield ind1=' ' ind2=' ' tag='300'>
        <subfield code='a'>3 sound discs (2 hrs., 20 min., 54 sec.) :</subfield>
        <subfield code='b'>digital ;</subfield>
        <subfield code='c'>4 3/4 in.</subfield>
      </datafield>
      <datafield ind1=' ' ind2=' ' tag='306'>
        <subfield code='a'>022054</subfield>
      </datafield>
      <datafield ind1=' ' ind2=' ' tag='500'>
        <subfield code='a'>Program notes (19 p.) inserted in container.</subfield>
      </datafield>
      <datafield ind1=' ' ind2=' ' tag='500'>
        <subfield code='a'>&quot;This recording of Macbeth uses the New Cambridge Shakespeare text&quot;--Container.</subfield>
      </datafield>
      <datafield ind1=' ' ind2=' ' tag='500'>
        <subfield code='a'>&quot;The complete text, fully dramatised&quot;--Container.</subfield>
      </datafield>
      <datafield ind1=' ' ind2=' ' tag='500'>
        <subfield code='a'>Compact discs.</subfield>
      </datafield>
      <datafield ind1=' ' ind2=' ' tag='508'>
        <subfield code='a'>Directed by Fiona Shaw; produced by Nicolas Soames.</subfield>
      </datafield>
      <datafield ind1='0' ind2=' ' tag='511'>
        <subfield code='a'>Stephen Dillane (Macbeth), Fiona Shaw (Lady Macbeth), Denys Hawthorne (Duncan), Adam Kotz (Banquo).</subfield>
      </datafield>
      <datafield ind1=' ' ind2=' ' tag='520'>
        <subfield code='a'>Macbeth&apos;s ambition unleashes a cycle of violence. Prompted by the supernatural prophecy of three witches, Macbeth kills King Duncan and assumes his throne. Macbeth plunges further into murder and moral decay to keep the crown on his head. While his wife crumbles away in guilt and madness, Macbeth fights to prevent the rest of the prophecy from coming true.</subfield>
      </datafield>
      <datafield ind1='1' ind2=' ' tag='700'>
        <subfield code='a'>Shaw, Fiona,</subfield>
        <subfield code='d'>1958-</subfield>
      </datafield>
      <datafield ind1='1' ind2=' ' tag='700'>
        <subfield code='a'>Soames, Nicolas,</subfield>
        <subfield code='d'>1950-</subfield>
      </datafield>
      <datafield ind1='1' ind2=' ' tag='700'>
        <subfield code='a'>Dillane, Stephen,</subfield>
        <subfield code='d'>1956-</subfield>
      </datafield>
      <datafield ind1='1' ind2=' ' tag='700'>
        <subfield code='a'>Hawthorne, Denys.</subfield>
      </datafield>
      <datafield ind1='1' ind2=' ' tag='700'>
        <subfield code='a'>Kotz, Adam.</subfield>
      </datafield>
      <datafield ind1=' ' ind2='0' tag='830'>
        <subfield code='a'>Classic literature with classical music.</subfield>
      </datafield>
      <datafield ind1=' ' ind2=' ' tag='907'>
        <subfield code='a'>b4102026</subfield>
      </datafield>
      <datafield ind1='9' ind2='1' tag='999'>
        <subfield code='i'>i5635387</subfield>
        <subfield code='l'>truls</subfield>
        <subfield code='s'>o</subfield>
        <subfield code='t'>0</subfield>
        <subfield code='c'>1</subfield>
        <subfield code='o'>0</subfield>
        <subfield code='b'>00020389287</subfield>
        <subfield code='p'>099#9</subfield>
        <subfield code='q'>|a65-CD1491</subfield>
        <subfield code='v'>Suppl.: &quot;text&quot;</subfield>
        <subfield code='n'>Ask at Media Resources Desk for assistance. Phone: (919)-962-2559. Email address: mrc@unc.edu</subfield>
      </datafield>
      <datafield ind1='9' ind2='1' tag='999'>
        <subfield code='i'>i5635388</subfield>
        <subfield code='l'>truls</subfield>
        <subfield code='s'>o</subfield>
        <subfield code='t'>49</subfield>
        <subfield code='c'>1</subfield>
        <subfield code='o'>9</subfield>
        <subfield code='b'>00020389349</subfield>
        <subfield code='p'>099#9</subfield>
        <subfield code='q'>|a65-CD1491</subfield>
        <subfield code='v'>disc1</subfield>
        <subfield code='n'>Ask at Media Resources Desk for assistance. Phone: (919)-962-2559. Email address: mrc@unc.edu</subfield>
      </datafield>
      <datafield ind1='9' ind2='1' tag='999'>
        <subfield code='i'>i5635389</subfield>
        <subfield code='l'>truls</subfield>
        <subfield code='s'>o</subfield>
        <subfield code='t'>49</subfield>
        <subfield code='c'>1</subfield>
        <subfield code='o'>9</subfield>
        <subfield code='b'>00020389330</subfield>
        <subfield code='p'>099#9</subfield>
        <subfield code='q'>|a65-CD1491</subfield>
        <subfield code='v'>disc2</subfield>
        <subfield code='n'>Ask at Media Resources Desk for assistance. Phone: (919)-962-2559. Email address: mrc@unc.edu</subfield>
      </datafield>
      <datafield ind1='9' ind2='1' tag='999'>
        <subfield code='i'>i5635390</subfield>
        <subfield code='l'>truls</subfield>
        <subfield code='s'>o</subfield>
        <subfield code='t'>49</subfield>
        <subfield code='c'>1</subfield>
        <subfield code='o'>9</subfield>
        <subfield code='b'>00020389321</subfield>
        <subfield code='p'>099#9</subfield>
        <subfield code='q'>|a65-CD1491</subfield>
        <subfield code='v'>disc3</subfield>
        <subfield code='n'>Ask at Media Resources Desk for assistance. Phone: (919)-962-2559. Email address: mrc@unc.edu</subfield>
      </datafield>
      <datafield ind1='0' ind2='0' tag='999'>
        <subfield code='a'>2004-10-01 00:00:00-04</subfield>
        <subfield code='c'>2004-10-06 23:08:10-04</subfield>
        <subfield code='u'>2015-07-13 20:27:47-04</subfield>
      </datafield>
  </record>