
  <record>
    <leader>00000cam a2200241   4500</leader>
      <controlfield tag='008'>860428s1761    ie |||| a     00| ||eng d</controlfield>
      <controlfield tag='001'>M-ESTCN23317</controlfield>
      <datafield ind1=' ' ind2=' ' tag='040'>
        <subfield code='a'>Cu-RivES</subfield>
        <subfield code='c'>Cu-RivES</subfield>
        <subfield code='d'>CStRLIN</subfield>
      </datafield>
      <datafield ind1='1' ind2=' ' tag='100'>
        <subfield code='a'>Shakespeare, William,</subfield>
        <subfield code='d'>1564-1616.</subfield>
      </datafield>
      <datafield ind1='1' ind2='0' tag='240'>
        <subfield code='a'>Macbeth</subfield>
      </datafield>
      <datafield ind1='1' ind2='4' tag='245'>
        <subfield code='a'>The tragedy of Macbeth.</subfield>
        <subfield code='b'>Written by Mr. W. Shakespeare.</subfield>
      </datafield>
      <datafield ind1='2' ind2=' ' tag='246'>
        <subfield code='a'>Macbeth</subfield>
      </datafield>
      <datafield ind1=' ' ind2=' ' tag='260'>
        <subfield code='a'>Corke :</subfield>
        <subfield code='b'>printed by Eugene Swiney,</subfield>
        <subfield code='c'>1761.</subfield>
      </datafield>
      <datafield ind1=' ' ind2=' ' tag='300'>
        <subfield code='a'>69,[3]p. ;</subfield>
        <subfield code='c'>12â°.</subfield>
      </datafield>
      <datafield ind1=' ' ind2=' ' tag='500'>
        <subfield code='a'>With three final advertisement pages.</subfield>
      </datafield>
      <datafield ind1=' ' ind2=' ' tag='533'>
        <subfield code='a'>Microfilm.</subfield>
        <subfield code='b'>Woodbridge, Conn. :</subfield>
        <subfield code='c'>Primary Source Microfilm, an imprint of Gale Group.</subfield>
        <subfield code='d'>2001.</subfield>
        <subfield code='e'>1 reel ; 35 mm.</subfield>
        <subfield code='n'>Unit 329.</subfield>
        <subfield code='f'>(the Eighteenth Century ; reel 11509, no. 14).</subfield>
        <subfield code='7'>s2001    ctu  b</subfield>
      </datafield>
      <datafield ind1=' ' ind2='0' tag='830'>
        <subfield code='a'>Eighteenth century ;</subfield>
        <subfield code='v'>reel 11509, no. 14.</subfield>
      </datafield>
      <datafield ind1=' ' ind2=' ' tag='907'>
        <subfield code='a'>b4126554</subfield>
      </datafield>
      <datafield ind1='9' ind2='1' tag='999'>
        <subfield code='i'>i5663621</subfield>
        <subfield code='l'>dgdaa</subfield>
        <subfield code='s'>-</subfield>
        <subfield code='t'>28</subfield>
        <subfield code='c'>1</subfield>
        <subfield code='o'>0</subfield>
        <subfield code='b'>HBFS-9071-00001</subfield>
        <subfield code='p'>099#9</subfield>
        <subfield code='q'>|a1-2586 reel 11509, no. 14</subfield>
      </datafield>
      <datafield ind1='0' ind2='0' tag='999'>
        <subfield code='a'>2004-10-01 00:00:00-04</subfield>
        <subfield code='c'>2004-10-06 23:10:28-04</subfield>
        <subfield code='u'>2018-01-15 13:29:47-05</subfield>
      </datafield>
  </record>