
  <record>
    <leader>00000cam  2200169   4500</leader>
      <controlfield tag='008'>860428s1739    ie |||| a     00| ||eng d</controlfield>
      <controlfield tag='001'>M-ESTCN23318</controlfield>
      <datafield ind1=' ' ind2=' ' tag='040'>
        <subfield code='a'>Cu-RivES</subfield>
        <subfield code='c'>Cu-RivES</subfield>
        <subfield code='d'>CStRLIN</subfield>
      </datafield>
      <datafield ind1='1' ind2=' ' tag='100'>
        <subfield code='a'>Shakespeare, William,</subfield>
        <subfield code='d'>1564-1616.</subfield>
      </datafield>
      <datafield ind1='1' ind2='0' tag='240'>
        <subfield code='a'>Macbeth</subfield>
      </datafield>
      <datafield ind1='1' ind2='4' tag='245'>
        <subfield code='a'>The tragedy of Macbeth.</subfield>
        <subfield code='b'>Written by Mr. W. Shakespeare. Collated with the oldest copies, and corrected; with notes explanatory and critical, by Mr. Theobald.</subfield>
      </datafield>
      <datafield ind1=' ' ind2=' ' tag='260'>
        <subfield code='a'>Dublin :</subfield>
        <subfield code='b'>printed by M. Rhames, for J. Smith. And Abraham Bradley,</subfield>
        <subfield code='c'>1739.</subfield>
      </datafield>
      <datafield ind1=' ' ind2=' ' tag='300'>
        <subfield code='a'>88p. ;</subfield>
        <subfield code='c'>12â°.</subfield>
      </datafield>
      <datafield ind1=' ' ind2=' ' tag='533'>
        <subfield code='a'>Microfilm.</subfield>
        <subfield code='b'>Woodbridge, Conn. :</subfield>
        <subfield code='c'>Primary Source Microfilm, an imprint of Gale Group.</subfield>
        <subfield code='d'>2001.</subfield>
        <subfield code='e'>1 reel ; 35 mm.</subfield>
        <subfield code='n'>Unit 327.</subfield>
        <subfield code='f'>(the Eighteenth Century ; reel 11433, no. 04).</subfield>
        <subfield code='7'>s2001    ctu  b</subfield>
      </datafield>
      <datafield ind1=' ' ind2='0' tag='830'>
        <subfield code='a'>Eighteenth century ;</subfield>
        <subfield code='v'>reel 11433, no. 04.</subfield>
      </datafield>
      <datafield ind1=' ' ind2=' ' tag='907'>
        <subfield code='a'>b4126555</subfield>
      </datafield>
      <datafield ind1='9' ind2='1' tag='999'>
        <subfield code='i'>i5663622</subfield>
        <subfield code='l'>dgdaa</subfield>
        <subfield code='s'>-</subfield>
        <subfield code='t'>28</subfield>
        <subfield code='c'>1</subfield>
        <subfield code='o'>0</subfield>
        <subfield code='b'>HBFS-9073-00001</subfield>
        <subfield code='p'>099#9</subfield>
        <subfield code='q'>|a1-2586 reel 11433, no. 04</subfield>
      </datafield>
      <datafield ind1='0' ind2='0' tag='999'>
        <subfield code='a'>2004-10-01 00:00:00-04</subfield>
        <subfield code='c'>2004-10-06 23:10:28-04</subfield>
        <subfield code='u'>2018-01-12 18:26:10-05</subfield>
      </datafield>
  </record>