
  <record>
    <leader>00000cam  2200181I  4500</leader>
      <controlfield tag='008'>840919s1928    enkh          000 1 eng d</controlfield>
      <controlfield tag='001'>11174260</controlfield>
      <controlfield tag='005'>20020625154124.0</controlfield>
      <datafield ind1=' ' ind2=' ' tag='040'>
        <subfield code='a'>KSW</subfield>
        <subfield code='c'>KSW</subfield>
        <subfield code='d'>NOC</subfield>
      </datafield>
      <datafield ind1='1' ind2=' ' tag='100'>
        <subfield code='a'>Shakespeare, William,</subfield>
        <subfield code='d'>1564-1616.</subfield>
      </datafield>
      <datafield ind1='1' ind2='0' tag='245'>
        <subfield code='a'>Macbeth, by William Shakespeare :</subfield>
        <subfield code='b'>a facsimile of the First folio text /</subfield>
        <subfield code='c'>with an introduction by J. Dover Wilson, and a list of modern readings.</subfield>
      </datafield>
      <datafield ind1=' ' ind2=' ' tag='260'>
        <subfield code='a'>Boston :</subfield>
        <subfield code='b'>Houghton Mifflin Co.,</subfield>
        <subfield code='c'>1928</subfield>
      </datafield>
      <datafield ind1=' ' ind2=' ' tag='300'>
        <subfield code='a'>3 p. l., facsim. (p. 131-151, [2] p. ;</subfield>
        <subfield code='c'>31 cm.</subfield>
      </datafield>
      <datafield ind1=' ' ind2=' ' tag='500'>
        <subfield code='a'>Printed in Great Britain.</subfield>
      </datafield>
      <datafield ind1='1' ind2=' ' tag='700'>
        <subfield code='a'>Wilson, John Dover,</subfield>
        <subfield code='d'>1881-1969.</subfield>
      </datafield>
      <datafield ind1=' ' ind2=' ' tag='907'>
        <subfield code='a'>b4161216</subfield>
      </datafield>
      <datafield ind1='9' ind2='1' tag='999'>
        <subfield code='i'>i5705514</subfield>
        <subfield code='l'>dddb</subfield>
        <subfield code='s'>-</subfield>
        <subfield code='t'>0</subfield>
        <subfield code='c'>1</subfield>
        <subfield code='o'>1</subfield>
        <subfield code='b'>00020891000</subfield>
        <subfield code='p'>090##</subfield>
        <subfield code='q'>|aPR2823 .A1 1928</subfield>
      </datafield>
      <datafield ind1='0' ind2='0' tag='999'>
        <subfield code='a'>2004-10-01 00:00:00-04</subfield>
        <subfield code='c'>2004-10-06 23:15:45-04</subfield>
        <subfield code='u'>2013-10-23 17:12:28-04</subfield>
      </datafield>
  </record>