
  <record>
    <leader>00000cam  2200277K  4500</leader>
      <controlfield tag='008'>000516s1823    mau           000 d eng d</controlfield>
      <controlfield tag='001'>44056455</controlfield>
      <controlfield tag='005'>20020730110350.0</controlfield>
      <datafield ind1=' ' ind2=' ' tag='040'>
        <subfield code='a'>NYP</subfield>
        <subfield code='c'>NYP</subfield>
        <subfield code='d'>NOC</subfield>
      </datafield>
      <datafield ind1='1' ind2=' ' tag='100'>
        <subfield code='a'>Shakespeare, William,</subfield>
        <subfield code='d'>1564-1616.</subfield>
      </datafield>
      <datafield ind1='1' ind2='0' tag='240'>
        <subfield code='a'>Macbeth</subfield>
      </datafield>
      <datafield ind1='1' ind2='0' tag='245'>
        <subfield code='a'>Macbeth.</subfield>
        <subfield code='b'>A tragedy /</subfield>
        <subfield code='c'>by William Shakespeare ; with prefatory remarks, the only edition existing which is faithfully marked with the stage business and stage directions as it is performed at the Theatres Royal.</subfield>
      </datafield>
      <datafield ind1='1' ind2='8' tag='246'>
        <subfield code='a'>Oxberry&apos;s edition of plays, vol. x</subfield>
      </datafield>
      <datafield ind1=' ' ind2=' ' tag='250'>
        <subfield code='a'>Oxberry&apos;s edition</subfield>
      </datafield>
      <datafield ind1=' ' ind2=' ' tag='260'>
        <subfield code='a'>Boston :</subfield>
        <subfield code='b'>Wells &amp; Lilly,</subfield>
        <subfield code='c'>1823.</subfield>
      </datafield>
      <datafield ind1=' ' ind2=' ' tag='300'>
        <subfield code='a'>106 p. ;</subfield>
        <subfield code='c'>16mo.</subfield>
      </datafield>
      <datafield ind1=' ' ind2=' ' tag='501'>
        <subfield code='a'>With: Confederacy : a comedy / J. Vanbrugh. Boston : Wells &amp; Lilly, 1823. -- Douglas : a tragedy / J. Home. Boston : Wells &amp; Lilly, 1823. -- Know your own mind : a comedy / A. Murphy. Boston : Wells &amp; Lilly, 1823. -- Tobacconist : a farce / F. Gentleman. Boston : Wells &amp; Lilly, 1823.</subfield>
      </datafield>
      <datafield ind1='1' ind2='2' tag='700'>
        <subfield code='a'>Vanbrugh, John,</subfield>
        <subfield code='d'>1664-1726.</subfield>
        <subfield code='t'>Confederacy.</subfield>
      </datafield>
      <datafield ind1='1' ind2='2' tag='700'>
        <subfield code='a'>Home, John,</subfield>
        <subfield code='d'>1722-1808.</subfield>
        <subfield code='t'>Douglas.</subfield>
      </datafield>
      <datafield ind1='1' ind2='2' tag='700'>
        <subfield code='a'>Murphy, Arthur,</subfield>
        <subfield code='d'>1727-1805.</subfield>
        <subfield code='t'>Know your own mind.</subfield>
      </datafield>
      <datafield ind1='1' ind2='2' tag='700'>
        <subfield code='a'>Gentleman, Francis,</subfield>
        <subfield code='d'>1728-1784.</subfield>
        <subfield code='t'>Tobacconist.</subfield>
      </datafield>
      <datafield ind1=' ' ind2=' ' tag='907'>
        <subfield code='a'>b4172822</subfield>
      </datafield>
      <datafield ind1='9' ind2='1' tag='999'>
        <subfield code='i'>i3873103</subfield>
        <subfield code='l'>trln</subfield>
        <subfield code='s'>-</subfield>
        <subfield code='t'>0</subfield>
        <subfield code='c'>1</subfield>
        <subfield code='o'>0</subfield>
        <subfield code='b'>00020928784</subfield>
        <subfield code='p'>092##</subfield>
        <subfield code='q'>|a822 V21c</subfield>
      </datafield>
      <datafield ind1='0' ind2='0' tag='999'>
        <subfield code='a'>2004-10-01 00:00:00-04</subfield>
        <subfield code='c'>2004-10-06 23:17:00-04</subfield>
        <subfield code='u'>2013-10-23 17:38:11-04</subfield>
      </datafield>
  </record>