
  <record>
    <leader>00000cam  2200229M  4500</leader>
      <controlfield tag='008'>920710s1897    mau           000 1 eng d</controlfield>
      <controlfield tag='001'>28786605</controlfield>
      <controlfield tag='005'>20020906133005.0</controlfield>
      <datafield ind1=' ' ind2=' ' tag='040'>
        <subfield code='a'>CGU</subfield>
        <subfield code='c'>CGU</subfield>
        <subfield code='d'>NOC</subfield>
      </datafield>
      <datafield ind1='1' ind2=' ' tag='100'>
        <subfield code='a'>Shakespeare, William,</subfield>
        <subfield code='d'>1564-1616.</subfield>
      </datafield>
      <datafield ind1='1' ind2='0' tag='245'>
        <subfield code='a'>Macbeth;</subfield>
        <subfield code='c'>ed., with introduction and notes by James M. Garnett ...</subfield>
      </datafield>
      <datafield ind1=' ' ind2=' ' tag='260'>
        <subfield code='a'>Boston;</subfield>
        <subfield code='a'>New York [etc.]</subfield>
        <subfield code='b'>Leach, Shewell &amp; Sanborn</subfield>
        <subfield code='c'>[c1897]</subfield>
      </datafield>
      <datafield ind1=' ' ind2=' ' tag='300'>
        <subfield code='a'>vii, 224 p.</subfield>
        <subfield code='c'>17 cm.</subfield>
      </datafield>
      <datafield ind1='1' ind2=' ' tag='700'>
        <subfield code='a'>Garnett, James M.</subfield>
        <subfield code='q'>(James Mercer),</subfield>
        <subfield code='d'>1840-1916,</subfield>
        <subfield code='e'>editor.</subfield>
      </datafield>
      <datafield ind1=' ' ind2='0' tag='830'>
        <subfield code='a'>Students&apos; series of English classics.</subfield>
      </datafield>
      <datafield ind1=' ' ind2=' ' tag='907'>
        <subfield code='a'>b4185068</subfield>
      </datafield>
      <datafield ind1='9' ind2='1' tag='999'>
        <subfield code='i'>i5737115</subfield>
        <subfield code='l'>ddda</subfield>
        <subfield code='s'>-</subfield>
        <subfield code='t'>0</subfield>
        <subfield code='c'>1</subfield>
        <subfield code='o'>0</subfield>
        <subfield code='b'>HBGJ-5390-00001</subfield>
        <subfield code='p'>090##</subfield>
        <subfield code='q'>|aPR2823.A2 G3</subfield>
      </datafield>
      <datafield ind1='0' ind2='0' tag='999'>
        <subfield code='a'>2004-10-01 00:00:00-04</subfield>
        <subfield code='c'>2004-10-06 23:19:39-04</subfield>
        <subfield code='u'>2013-10-23 18:04:51-04</subfield>
      </datafield>
  </record>