
  <record>
    <leader>00000cam a2200265Ia 4500</leader>
      <controlfield tag='008'>831115s1914    enka     d    000 d eng d</controlfield>
      <controlfield tag='001'>10130804</controlfield>
      <controlfield tag='005'>20020906133508.0</controlfield>
      <datafield ind1=' ' ind2=' ' tag='040'>
        <subfield code='a'>MNN</subfield>
        <subfield code='c'>MNN</subfield>
        <subfield code='d'>OCLCQ</subfield>
        <subfield code='d'>NOC</subfield>
      </datafield>
      <datafield ind1='1' ind2=' ' tag='100'>
        <subfield code='a'>Shakespeare, William,</subfield>
        <subfield code='d'>1564-1616.</subfield>
      </datafield>
      <datafield ind1='1' ind2='0' tag='240'>
        <subfield code='a'>Macbeth</subfield>
      </datafield>
      <datafield ind1='1' ind2='0' tag='245'>
        <subfield code='a'>Shakespeare&apos;s Macbeth /</subfield>
        <subfield code='c'>edited with introduction and notes by H.J.C. Grierson.</subfield>
      </datafield>
      <datafield ind1=' ' ind2=' ' tag='260'>
        <subfield code='a'>Oxford :</subfield>
        <subfield code='b'>Clarendon Press,</subfield>
        <subfield code='c'>1914.</subfield>
      </datafield>
      <datafield ind1=' ' ind2=' ' tag='300'>
        <subfield code='a'>xxxix, 172 p. :</subfield>
        <subfield code='b'>ill. ;</subfield>
        <subfield code='c'>17 cm.</subfield>
      </datafield>
      <datafield ind1=' ' ind2=' ' tag='500'>
        <subfield code='a'>Includes glossary.</subfield>
      </datafield>
      <datafield ind1='1' ind2='0' tag='600'>
        <subfield code='a'>Shakespeare, William,</subfield>
        <subfield code='d'>1564-1616.</subfield>
        <subfield code='t'>Macbeth.</subfield>
      </datafield>
      <datafield ind1='1' ind2=' ' tag='700'>
        <subfield code='a'>Grierson, Herbert John Clifford,</subfield>
        <subfield code='c'>Sir,</subfield>
        <subfield code='d'>1866-1960,</subfield>
        <subfield code='e'>editor.</subfield>
      </datafield>
      <datafield ind1=' ' ind2='0' tag='830'>
        <subfield code='a'>Selected plays of Shakespeare (Oxford, England)</subfield>
      </datafield>
      <datafield ind1=' ' ind2=' ' tag='907'>
        <subfield code='a'>b4185075</subfield>
      </datafield>
      <datafield ind1='9' ind2='1' tag='999'>
        <subfield code='i'>i5737123</subfield>
        <subfield code='l'>ddda</subfield>
        <subfield code='s'>-</subfield>
        <subfield code='t'>0</subfield>
        <subfield code='c'>15</subfield>
        <subfield code='o'>3</subfield>
        <subfield code='b'>10000099625</subfield>
        <subfield code='p'>090##</subfield>
        <subfield code='q'>|aPR2823.A2 G75</subfield>
      </datafield>
      <datafield ind1='0' ind2='0' tag='999'>
        <subfield code='a'>2004-10-01 00:00:00-04</subfield>
        <subfield code='c'>2004-10-06 23:19:39-04</subfield>
        <subfield code='u'>2018-01-15 13:29:48-05</subfield>
      </datafield>
  </record>