
  <record>
    <leader>00000cam  2200229K  4500</leader>
      <controlfield tag='008'>980302s1898    nyuc          000 0 eng d</controlfield>
      <controlfield tag='001'>38529792</controlfield>
      <controlfield tag='005'>20020906134215.0</controlfield>
      <datafield ind1=' ' ind2=' ' tag='040'>
        <subfield code='a'>NYP</subfield>
        <subfield code='c'>NYP</subfield>
        <subfield code='d'>NOC</subfield>
      </datafield>
      <datafield ind1='1' ind2=' ' tag='100'>
        <subfield code='a'>Shakespeare, William,</subfield>
        <subfield code='d'>1564-1616.</subfield>
      </datafield>
      <datafield ind1='1' ind2='0' tag='245'>
        <subfield code='a'>Macbeth;</subfield>
        <subfield code='c'>edited with notes and an introduction, by John Matthews Manly ...</subfield>
      </datafield>
      <datafield ind1=' ' ind2=' ' tag='260'>
        <subfield code='a'>New York,</subfield>
        <subfield code='b'>Longmans, Green and Co.,</subfield>
        <subfield code='c'>1898.</subfield>
      </datafield>
      <datafield ind1=' ' ind2=' ' tag='300'>
        <subfield code='a'>liv, 200 p., front. (port.)</subfield>
        <subfield code='c'>19 cm.</subfield>
      </datafield>
      <datafield ind1='1' ind2=' ' tag='700'>
        <subfield code='a'>Manly, John Matthews,</subfield>
        <subfield code='d'>1865-1940,</subfield>
        <subfield code='e'>editor.</subfield>
      </datafield>
      <datafield ind1=' ' ind2='0' tag='830'>
        <subfield code='a'>Longmans&apos; English classics.</subfield>
      </datafield>
      <datafield ind1=' ' ind2=' ' tag='907'>
        <subfield code='a'>b4185083</subfield>
      </datafield>
      <datafield ind1='9' ind2='1' tag='999'>
        <subfield code='i'>i5737131</subfield>
        <subfield code='l'>ddda</subfield>
        <subfield code='s'>-</subfield>
        <subfield code='t'>0</subfield>
        <subfield code='c'>21</subfield>
        <subfield code='o'>1</subfield>
        <subfield code='b'>10001659858</subfield>
        <subfield code='p'>090##</subfield>
        <subfield code='q'>|aPR2823.A2 M35</subfield>
      </datafield>
      <datafield ind1='0' ind2='0' tag='999'>
        <subfield code='a'>2004-10-01 00:00:00-04</subfield>
        <subfield code='c'>2004-10-06 23:19:39-04</subfield>
        <subfield code='u'>2013-10-23 18:04:52-04</subfield>
      </datafield>
  </record>