
  <record>
    <leader>00000cam  2200265Ii 4500</leader>
      <controlfield tag='008'>761025s1941    enkaf         000 0deng d</controlfield>
      <controlfield tag='001'>2528135</controlfield>
      <controlfield tag='005'>20021016165619.0</controlfield>
      <datafield ind1=' ' ind2=' ' tag='019'>
        <subfield code='a'>7684751</subfield>
      </datafield>
      <datafield ind1=' ' ind2=' ' tag='040'>
        <subfield code='a'>GZN</subfield>
        <subfield code='c'>GZN</subfield>
        <subfield code='d'>OCL</subfield>
        <subfield code='d'>EZS</subfield>
        <subfield code='d'>NOC</subfield>
      </datafield>
      <datafield ind1='1' ind2=' ' tag='100'>
        <subfield code='a'>Shakespeare, William,</subfield>
        <subfield code='d'>1564-1616.</subfield>
      </datafield>
      <datafield ind1='1' ind2='0' tag='245'>
        <subfield code='a'>Macbeth /</subfield>
        <subfield code='c'>[William Shakespeare] ; edited by Bernard Groom.</subfield>
      </datafield>
      <datafield ind1=' ' ind2=' ' tag='260'>
        <subfield code='a'>Oxford :</subfield>
        <subfield code='b'>Clarendon Press,</subfield>
        <subfield code='c'>1941.</subfield>
      </datafield>
      <datafield ind1=' ' ind2=' ' tag='300'>
        <subfield code='a'>191 p., [1] leaf of plates :</subfield>
        <subfield code='b'>ill. ;</subfield>
        <subfield code='c'>18 cm.</subfield>
      </datafield>
      <datafield ind1=' ' ind2=' ' tag='500'>
        <subfield code='a'>First published 1939, reprinted 1941 (with corrections) .</subfield>
      </datafield>
      <datafield ind1='1' ind2=' ' tag='700'>
        <subfield code='a'>Groom, Bernard,</subfield>
        <subfield code='d'>1892-,</subfield>
        <subfield code='e'>editor.</subfield>
      </datafield>
      <datafield ind1='1' ind2=' ' tag='800'>
        <subfield code='a'>Shakespeare, William,</subfield>
        <subfield code='d'>1564-1616.</subfield>
        <subfield code='t'>Works.</subfield>
        <subfield code='f'>1938.</subfield>
      </datafield>
      <datafield ind1=' ' ind2=' ' tag='907'>
        <subfield code='a'>b4198266</subfield>
      </datafield>
      <datafield ind1='9' ind2='1' tag='999'>
        <subfield code='i'>i5753612</subfield>
        <subfield code='l'>ddda</subfield>
        <subfield code='s'>-</subfield>
        <subfield code='t'>0</subfield>
        <subfield code='c'>2</subfield>
        <subfield code='o'>2</subfield>
        <subfield code='b'>00021629800</subfield>
        <subfield code='p'>090##</subfield>
        <subfield code='q'>|aPR2823.A2 G8 1941</subfield>
      </datafield>
      <datafield ind1='0' ind2='0' tag='999'>
        <subfield code='a'>2004-10-01 00:00:00-04</subfield>
        <subfield code='c'>2004-10-06 23:22:15-04</subfield>
        <subfield code='u'>2013-10-23 18:33:59-04</subfield>
      </datafield>
  </record>