
  <record>
    <leader>00000cam  2200229Ia 4500</leader>
      <controlfield tag='008'>910308s1962    nyua          000 d eng d</controlfield>
      <controlfield tag='001'>23202898</controlfield>
      <controlfield tag='005'>20030401144001.0</controlfield>
      <datafield ind1=' ' ind2=' ' tag='040'>
        <subfield code='a'>IUL</subfield>
        <subfield code='c'>IUL</subfield>
        <subfield code='d'>OCL</subfield>
        <subfield code='d'>NOC</subfield>
      </datafield>
      <datafield ind1='1' ind2=' ' tag='100'>
        <subfield code='a'>Shakespeare, William,</subfield>
        <subfield code='d'>1564-1616.</subfield>
      </datafield>
      <datafield ind1='1' ind2='0' tag='240'>
        <subfield code='a'>Macbeth</subfield>
      </datafield>
      <datafield ind1='1' ind2='0' tag='245'>
        <subfield code='a'>Shakespeare&apos;s Macbeth /</subfield>
        <subfield code='c'>as produced in brief at the Globe theatre, Century of progress, Chicago, by Thomas Wood Stevens.</subfield>
      </datafield>
      <datafield ind1=' ' ind2=' ' tag='260'>
        <subfield code='a'>New York :</subfield>
        <subfield code='b'>S. French,</subfield>
        <subfield code='c'>1962.</subfield>
      </datafield>
      <datafield ind1=' ' ind2=' ' tag='300'>
        <subfield code='a'>49 p. :</subfield>
        <subfield code='b'>ill. ;</subfield>
        <subfield code='c'>19 cm.</subfield>
      </datafield>
      <datafield ind1='1' ind2=' ' tag='700'>
        <subfield code='a'>Stevens, Thomas Wood,</subfield>
        <subfield code='d'>1880-1942.</subfield>
      </datafield>
      <datafield ind1=' ' ind2='0' tag='830'>
        <subfield code='a'>Globe Theatre versions.</subfield>
      </datafield>
      <datafield ind1=' ' ind2=' ' tag='907'>
        <subfield code='a'>b4252834</subfield>
      </datafield>
      <datafield ind1='9' ind2='1' tag='999'>
        <subfield code='i'>i5820412</subfield>
        <subfield code='l'>ddda</subfield>
        <subfield code='s'>-</subfield>
        <subfield code='t'>0</subfield>
        <subfield code='c'>1</subfield>
        <subfield code='o'>3</subfield>
        <subfield code='b'>00022101985</subfield>
        <subfield code='p'>090##</subfield>
        <subfield code='q'>|aPR2823.A2 S74 1962</subfield>
      </datafield>
      <datafield ind1='0' ind2='0' tag='999'>
        <subfield code='a'>2004-10-01 00:00:00-04</subfield>
        <subfield code='c'>2004-10-06 23:31:40-04</subfield>
        <subfield code='u'>2013-10-23 17:22:57-04</subfield>
      </datafield>
  </record>