
  <record>
    <leader>00000cam  2200193   4500</leader>
      <controlfield tag='008'>790217s1711    ne |||| a     00| ||eng d</controlfield>
      <controlfield tag='001'>M-ESTCT14956</controlfield>
      <controlfield tag='005'>20024415204506.0</controlfield>
      <datafield ind1=' ' ind2=' ' tag='040'>
        <subfield code='a'>Uk-ES</subfield>
        <subfield code='c'>Uk-ES</subfield>
        <subfield code='d'>CStRLIN</subfield>
        <subfield code='d'>ResP</subfield>
      </datafield>
      <datafield ind1='1' ind2=' ' tag='100'>
        <subfield code='a'>Shakespeare, William,</subfield>
        <subfield code='d'>1564-1616.</subfield>
      </datafield>
      <datafield ind1='1' ind2='0' tag='240'>
        <subfield code='a'>Macbeth</subfield>
      </datafield>
      <datafield ind1='1' ind2='4' tag='245'>
        <subfield code='a'>The tragedy of Macbeth.</subfield>
        <subfield code='b'>Writen by Mr. W. Shakespear.</subfield>
      </datafield>
      <datafield ind1=' ' ind2=' ' tag='260'>
        <subfield code='a'>London [i.e. The Hague] :</subfield>
        <subfield code='b'>printed [for T. Johnson] in the year,</subfield>
        <subfield code='c'>1711.</subfield>
      </datafield>
      <datafield ind1=' ' ind2=' ' tag='300'>
        <subfield code='a'>83,[1]p. ;</subfield>
        <subfield code='c'>8â°.</subfield>
      </datafield>
      <datafield ind1=' ' ind2=' ' tag='500'>
        <subfield code='a'>Also published as part of: &apos;A collection of the best English plays&apos;, 1711-22, published by Thomas Johnson in The Hague.</subfield>
      </datafield>
      <datafield ind1=' ' ind2=' ' tag='533'>
        <subfield code='a'>Microfilm.</subfield>
        <subfield code='b'>Woodbridge, Conn. :</subfield>
        <subfield code='c'>Primary Source Microfilm, an imprint of Gale Group,</subfield>
        <subfield code='d'>2002.</subfield>
        <subfield code='e'>1 reel ; 35mm.</subfield>
        <subfield code='n'>Unit 351.</subfield>
        <subfield code='f'>(The Eighteenth Century ; reel 12271, no. 04).</subfield>
        <subfield code='7'>s2002    ctu  b</subfield>
      </datafield>
      <datafield ind1=' ' ind2='0' tag='830'>
        <subfield code='a'>Eighteenth century ;</subfield>
        <subfield code='v'>reel 12271, no. 04.</subfield>
      </datafield>
      <datafield ind1=' ' ind2=' ' tag='907'>
        <subfield code='a'>b4269614</subfield>
      </datafield>
      <datafield ind1='9' ind2='1' tag='999'>
        <subfield code='i'>i5840734</subfield>
        <subfield code='l'>dgdaa</subfield>
        <subfield code='s'>-</subfield>
        <subfield code='t'>28</subfield>
        <subfield code='c'>1</subfield>
        <subfield code='o'>0</subfield>
        <subfield code='b'>HBHI-4482-00001</subfield>
        <subfield code='p'>099#9</subfield>
        <subfield code='q'>|a1-2586 reel 12271, no. 04</subfield>
      </datafield>
      <datafield ind1='0' ind2='0' tag='999'>
        <subfield code='a'>2004-10-01 00:00:00-04</subfield>
        <subfield code='c'>2004-10-07 11:55:33-04</subfield>
        <subfield code='u'>2016-02-03 10:38:07-05</subfield>
      </datafield>
  </record>