
  <record>
    <leader>00000cam a2200253I  4500</leader>
      <controlfield tag='008'>770224s1918    nyua          001 d eng d</controlfield>
      <controlfield tag='001'>2760792</controlfield>
      <controlfield tag='005'>20031209160231.0</controlfield>
      <datafield ind1=' ' ind2=' ' tag='019'>
        <subfield code='a'>8675424</subfield>
      </datafield>
      <datafield ind1=' ' ind2=' ' tag='040'>
        <subfield code='a'>OUN</subfield>
        <subfield code='c'>MNW</subfield>
        <subfield code='d'>MNW</subfield>
        <subfield code='d'>OCL</subfield>
        <subfield code='d'>CKM</subfield>
        <subfield code='d'>IAE</subfield>
        <subfield code='d'>OCLCQ</subfield>
        <subfield code='d'>NOC</subfield>
      </datafield>
      <datafield ind1='1' ind2=' ' tag='100'>
        <subfield code='a'>Shakespeare, William,</subfield>
        <subfield code='d'>1564-1616.</subfield>
      </datafield>
      <datafield ind1='1' ind2='0' tag='240'>
        <subfield code='a'>Macbeth</subfield>
      </datafield>
      <datafield ind1='1' ind2='0' tag='245'>
        <subfield code='a'>Shakespeare&apos;s tragedy of Macbeth,</subfield>
        <subfield code='c'>ed. with notes by William J. Rolfe ...</subfield>
      </datafield>
      <datafield ind1=' ' ind2=' ' tag='260'>
        <subfield code='a'>New York,</subfield>
        <subfield code='a'>Cincinnati,</subfield>
        <subfield code='b'>American book Co.</subfield>
        <subfield code='c'>[1918]</subfield>
      </datafield>
      <datafield ind1=' ' ind2=' ' tag='300'>
        <subfield code='a'>304 p.</subfield>
        <subfield code='b'>front., illus.</subfield>
        <subfield code='c'>16 cm.</subfield>
      </datafield>
      <datafield ind1='1' ind2=' ' tag='700'>
        <subfield code='a'>Rolfe, W. J.</subfield>
        <subfield code='q'>(William James),</subfield>
        <subfield code='d'>1827-1910,</subfield>
        <subfield code='e'>editor.</subfield>
      </datafield>
      <datafield ind1=' ' ind2='0' tag='830'>
        <subfield code='a'>English classics (American Book Company)</subfield>
      </datafield>
      <datafield ind1=' ' ind2=' ' tag='907'>
        <subfield code='a'>b4391447</subfield>
      </datafield>
      <datafield ind1='9' ind2='1' tag='999'>
        <subfield code='i'>i5987262</subfield>
        <subfield code='l'>trln</subfield>
        <subfield code='s'>-</subfield>
        <subfield code='t'>0</subfield>
        <subfield code='c'>1</subfield>
        <subfield code='o'>0</subfield>
        <subfield code='b'>00022637390</subfield>
        <subfield code='p'>092##</subfield>
        <subfield code='q'>|a822.1 R74 v. 18</subfield>
      </datafield>
      <datafield ind1='0' ind2='0' tag='999'>
        <subfield code='a'>2004-10-01 00:00:00-04</subfield>
        <subfield code='c'>2004-10-07 13:09:50-04</subfield>
        <subfield code='u'>2018-01-15 13:29:53-05</subfield>
      </datafield>
  </record>