
  <record>
    <leader>00000cam  2200313Ia 4500</leader>
      <controlfield tag='008'>040302s1889    enk     a     000 d eng d</controlfield>
      <controlfield tag='007'>hd bfa012baap</controlfield>
      <controlfield tag='007'>hd bfa012babp</controlfield>
      <controlfield tag='001'>54514566</controlfield>
      <controlfield tag='005'>20040302110155.0</controlfield>
      <datafield ind1=' ' ind2=' ' tag='040'>
        <subfield code='a'>NOC</subfield>
        <subfield code='c'>NOC</subfield>
      </datafield>
      <datafield ind1='1' ind2=' ' tag='100'>
        <subfield code='a'>Shakespeare, William,</subfield>
        <subfield code='d'>1564-1616.</subfield>
      </datafield>
      <datafield ind1='1' ind2='0' tag='245'>
        <subfield code='a'>Macbeth</subfield>
        <subfield code='h'>[microform] :</subfield>
        <subfield code='b'>lines pronounced corrupt restored, and mutilations before unsuspected amended, also some new renderings : with preface and notes : also papers on Shakespeare&apos;s supposed negations and apparitions, and the temptation of Macbeth /</subfield>
        <subfield code='c'>by Matthias Mull.</subfield>
      </datafield>
      <datafield ind1=' ' ind2=' ' tag='260'>
        <subfield code='a'>London :</subfield>
        <subfield code='b'>K. Paul, Trench, &amp; Co.,</subfield>
        <subfield code='c'>1889.</subfield>
      </datafield>
      <datafield ind1=' ' ind2=' ' tag='300'>
        <subfield code='a'>cxv, 89 p. ;</subfield>
        <subfield code='c'>21 cm.</subfield>
      </datafield>
      <datafield ind1=' ' ind2=' ' tag='533'>
        <subfield code='a'>Microfilm.</subfield>
        <subfield code='b'>Chapel Hill :</subfield>
        <subfield code='c'>University of North Carolina Library Photographic Service,</subfield>
        <subfield code='d'>1992.</subfield>
        <subfield code='e'>On 1 microfilm reel with other items ; 35 mm.</subfield>
        <subfield code='n'>Master microform (MN 3960 pos. 4) held by: NcU.</subfield>
        <subfield code='7'>s1992    ncun a</subfield>
      </datafield>
      <datafield ind1='0' ind2='0' tag='600'>
        <subfield code='a'>Macbeth,</subfield>
        <subfield code='c'>King of Scotland,</subfield>
        <subfield code='d'>active 11th century</subfield>
        <subfield code='v'>Drama.</subfield>
      </datafield>
      <datafield ind1=' ' ind2='0' tag='650'>
        <subfield code='a'>Regicides</subfield>
        <subfield code='v'>Drama.</subfield>
      </datafield>
      <datafield ind1=' ' ind2='0' tag='651'>
        <subfield code='a'>Scotland</subfield>
        <subfield code='v'>Drama.</subfield>
      </datafield>
      <datafield ind1='1' ind2=' ' tag='700'>
        <subfield code='a'>Mull, Matthias,</subfield>
        <subfield code='d'>1820-1893.</subfield>
      </datafield>
      <datafield ind1='1' ind2=' ' tag='776'>
        <subfield code='c'>Original</subfield>
        <subfield code='w'>(DLC)  21015622</subfield>
      </datafield>
      <datafield ind1=' ' ind2=' ' tag='907'>
        <subfield code='a'>b4417995</subfield>
      </datafield>
      <datafield ind1='9' ind2='1' tag='999'>
        <subfield code='i'>i7869783</subfield>
        <subfield code='l'>dgab</subfield>
        <subfield code='s'>o</subfield>
        <subfield code='t'>68</subfield>
        <subfield code='c'>1</subfield>
        <subfield code='o'>0</subfield>
        <subfield code='b'>00034306661</subfield>
        <subfield code='p'>099#9</subfield>
        <subfield code='q'>|aMN-3960</subfield>
        <subfield code='v'>pos.1-8</subfield>
        <subfield code='n'>See Preservation staff for assistance with this microfilm.</subfield>
      </datafield>
      <datafield ind1='0' ind2='0' tag='999'>
        <subfield code='a'>2004-10-01 00:00:00-04</subfield>
        <subfield code='c'>2004-10-07 13:22:00-04</subfield>
        <subfield code='u'>2013-10-25 10:24:39-04</subfield>
      </datafield>
  </record>