
  <record>
    <leader>00000cam  22003974a 4500</leader>
      <controlfield tag='008'>060705s2006    njua          000 0 eng  </controlfield>
      <controlfield tag='001'>70258818</controlfield>
      <controlfield tag='003'>OCoLC</controlfield>
      <controlfield tag='005'>20070111015753.0</controlfield>
      <datafield ind1=' ' ind2=' ' tag='010'>
        <subfield code='a'>2006020723</subfield>
      </datafield>
      <datafield ind1=' ' ind2=' ' tag='020'>
        <subfield code='a'>0470041560 (pbk.)</subfield>
      </datafield>
      <datafield ind1=' ' ind2=' ' tag='020'>
        <subfield code='a'>9780470041567 (pbk.)</subfield>
      </datafield>
      <datafield ind1='3' ind2=' ' tag='024'>
        <subfield code='a'>9780470041567</subfield>
      </datafield>
      <datafield ind1=' ' ind2=' ' tag='035'>
        <subfield code='a'>(OCoLC)70258818</subfield>
      </datafield>
      <datafield ind1=' ' ind2=' ' tag='040'>
        <subfield code='a'>DLC</subfield>
        <subfield code='c'>DLC</subfield>
        <subfield code='d'>YDXCP</subfield>
        <subfield code='d'>BAKER</subfield>
        <subfield code='d'>OCLCQ</subfield>
        <subfield code='d'>BTCTA</subfield>
      </datafield>
      <datafield ind1=' ' ind2=' ' tag='043'>
        <subfield code='a'>e-uk-st</subfield>
      </datafield>
      <datafield ind1=' ' ind2=' ' tag='049'>
        <subfield code='a'>NOCC</subfield>
      </datafield>
      <datafield ind1='0' ind2='0' tag='050'>
        <subfield code='a'>PR2823</subfield>
        <subfield code='b'>.A1 2006b</subfield>
      </datafield>
      <datafield ind1='0' ind2='0' tag='082'>
        <subfield code='a'>822.3/3</subfield>
        <subfield code='2'>22</subfield>
      </datafield>
      <datafield ind1='1' ind2=' ' tag='100'>
        <subfield code='a'>Shakespeare, William,</subfield>
        <subfield code='d'>1564-1616.</subfield>
      </datafield>
      <datafield ind1='1' ind2='0' tag='245'>
        <subfield code='a'>Macbeth /</subfield>
        <subfield code='c'>translated by Mary Ellen Snodgrass.</subfield>
      </datafield>
      <datafield ind1=' ' ind2=' ' tag='260'>
        <subfield code='a'>Hoboken, N.J. :</subfield>
        <subfield code='b'>Wiley Pub.,</subfield>
        <subfield code='c'>c2006.</subfield>
      </datafield>
      <datafield ind1=' ' ind2=' ' tag='300'>
        <subfield code='a'>vii, 178 p. :</subfield>
        <subfield code='b'>ill. ;</subfield>
        <subfield code='c'>22 cm.</subfield>
      </datafield>
      <datafield ind1=' ' ind2=' ' tag='546'>
        <subfield code='a'>Original text with parallel modern English translation.</subfield>
      </datafield>
      <datafield ind1='0' ind2='0' tag='600'>
        <subfield code='a'>Macbeth,</subfield>
        <subfield code='c'>King of Scotland,</subfield>
        <subfield code='d'>active 11th century</subfield>
        <subfield code='v'>Drama.</subfield>
      </datafield>
      <datafield ind1=' ' ind2='0' tag='650'>
        <subfield code='a'>Regicides</subfield>
        <subfield code='v'>Drama.</subfield>
      </datafield>
      <datafield ind1=' ' ind2='0' tag='651'>
        <subfield code='a'>Scotland</subfield>
        <subfield code='x'>Kings and rulers</subfield>
        <subfield code='v'>Drama.</subfield>
      </datafield>
      <datafield ind1='1' ind2=' ' tag='700'>
        <subfield code='a'>Snodgrass, Mary Ellen.</subfield>
      </datafield>
      <datafield ind1='1' ind2=' ' tag='800'>
        <subfield code='a'>Shakespeare, William,</subfield>
        <subfield code='d'>1564-1616.</subfield>
        <subfield code='t'>Works.</subfield>
        <subfield code='f'>2006.</subfield>
        <subfield code='s'>John Wiley &amp; Sons.</subfield>
      </datafield>
      <datafield ind1='4' ind2='8' tag='856'>
        <subfield code='3'>Table of contents only</subfield>
        <subfield code='u'>http://www.loc.gov/catdir/toc/ecip0616/2006020723.html</subfield>
      </datafield>
      <datafield ind1=' ' ind2=' ' tag='907'>
        <subfield code='a'>b4963641</subfield>
      </datafield>
      <datafield ind1='9' ind2='1' tag='999'>
        <subfield code='i'>i6538079</subfield>
        <subfield code='l'>ddda</subfield>
        <subfield code='s'>-</subfield>
        <subfield code='t'>0</subfield>
        <subfield code='c'>1</subfield>
        <subfield code='o'>9</subfield>
        <subfield code='b'>00027282459</subfield>
        <subfield code='p'>05000</subfield>
        <subfield code='q'>|aPR2823|b.A1 2006b</subfield>
      </datafield>
      <datafield ind1='0' ind2='0' tag='999'>
        <subfield code='a'>2007-01-11 00:00:00-05</subfield>
        <subfield code='c'>2007-01-10 09:28:14-05</subfield>
        <subfield code='u'>2017-11-11 09:50:32.407-05</subfield>
      </datafield>
  </record>