
  <record>
    <leader>00000cam a22004574a 4500</leader>
      <controlfield tag='008'>060602s2006    ilua     b    001 0 eng  </controlfield>
      <controlfield tag='001'>70045928</controlfield>
      <controlfield tag='003'>OCoLC</controlfield>
      <controlfield tag='005'>20070118120653.0</controlfield>
      <datafield ind1=' ' ind2=' ' tag='010'>
        <subfield code='a'>2006018317</subfield>
      </datafield>
      <datafield ind1=' ' ind2=' ' tag='020'>
        <subfield code='a'>1402206887 (alk. paper)</subfield>
      </datafield>
      <datafield ind1=' ' ind2=' ' tag='020'>
        <subfield code='a'>9781402206887 (alk. paper)</subfield>
      </datafield>
      <datafield ind1='3' ind2=' ' tag='024'>
        <subfield code='a'>9781402206887</subfield>
      </datafield>
      <datafield ind1='1' ind2=' ' tag='029'>
        <subfield code='a'>YDXCP</subfield>
        <subfield code='b'>2377814</subfield>
      </datafield>
      <datafield ind1='1' ind2=' ' tag='029'>
        <subfield code='a'>QBX</subfield>
        <subfield code='b'>a  06018317</subfield>
      </datafield>
      <datafield ind1=' ' ind2=' ' tag='035'>
        <subfield code='a'>(OCoLC)70045928</subfield>
      </datafield>
      <datafield ind1=' ' ind2=' ' tag='040'>
        <subfield code='a'>DLC</subfield>
        <subfield code='c'>DLC</subfield>
        <subfield code='d'>YDXCP</subfield>
        <subfield code='d'>BAKER</subfield>
        <subfield code='d'>OCLCQ</subfield>
        <subfield code='d'>VP@</subfield>
        <subfield code='d'>BTCTA</subfield>
        <subfield code='d'>QBX</subfield>
        <subfield code='d'>NOC</subfield>
      </datafield>
      <datafield ind1=' ' ind2=' ' tag='043'>
        <subfield code='a'>e-uk-st</subfield>
      </datafield>
      <datafield ind1=' ' ind2=' ' tag='049'>
        <subfield code='a'>NOCC</subfield>
      </datafield>
      <datafield ind1='0' ind2='0' tag='050'>
        <subfield code='a'>PR2823.A2</subfield>
        <subfield code='b'>W59 2006</subfield>
      </datafield>
      <datafield ind1='0' ind2='0' tag='082'>
        <subfield code='a'>822.3/3</subfield>
        <subfield code='2'>22</subfield>
      </datafield>
      <datafield ind1='1' ind2=' ' tag='100'>
        <subfield code='a'>Shakespeare, William,</subfield>
        <subfield code='d'>1564-1616.</subfield>
      </datafield>
      <datafield ind1='1' ind2='0' tag='245'>
        <subfield code='a'>Macbeth /</subfield>
        <subfield code='c'>William Shakespeare ; text editor, William Proctor Williams ; advisory editors, David Bevington, Peter Holland, and Michael Kahn.</subfield>
      </datafield>
      <datafield ind1=' ' ind2=' ' tag='260'>
        <subfield code='a'>Naperville, Ill. :</subfield>
        <subfield code='b'>Sourcebooks MediaFusion,</subfield>
        <subfield code='c'>c2006.</subfield>
      </datafield>
      <datafield ind1=' ' ind2=' ' tag='300'>
        <subfield code='a'>xx, 312 p. :</subfield>
        <subfield code='b'>ill. ;</subfield>
        <subfield code='c'>21 cm. +</subfield>
        <subfield code='e'>1 sound disc (4 3/4 in.)</subfield>
      </datafield>
      <datafield ind1=' ' ind2=' ' tag='504'>
        <subfield code='a'>Includes bibliographical references and index.</subfield>
      </datafield>
      <datafield ind1='0' ind2='0' tag='600'>
        <subfield code='a'>Macbeth,</subfield>
        <subfield code='c'>King of Scotland,</subfield>
        <subfield code='d'>active 11th century</subfield>
        <subfield code='v'>Drama.</subfield>
      </datafield>
      <datafield ind1='1' ind2='0' tag='600'>
        <subfield code='a'>Shakespeare, William,</subfield>
        <subfield code='d'>1564-1616.</subfield>
        <subfield code='t'>Macbeth.</subfield>
      </datafield>
      <datafield ind1=' ' ind2='0' tag='650'>
        <subfield code='a'>Regicides</subfield>
        <subfield code='v'>Drama.</subfield>
      </datafield>
      <datafield ind1=' ' ind2='0' tag='651'>
        <subfield code='a'>Scotland</subfield>
        <subfield code='x'>Kings and rulers</subfield>
        <subfield code='v'>Drama.</subfield>
      </datafield>
      <datafield ind1=' ' ind2='7' tag='655'>
        <subfield code='a'>Tragedies.</subfield>
        <subfield code='2'>lcgft</subfield>
      </datafield>
      <datafield ind1='1' ind2=' ' tag='700'>
        <subfield code='a'>Williams, William Proctor,</subfield>
        <subfield code='d'>1939-</subfield>
      </datafield>
      <datafield ind1=' ' ind2='0' tag='830'>
        <subfield code='a'>Sourcebooks Shakespeare.</subfield>
      </datafield>
      <datafield ind1='4' ind2='8' tag='856'>
        <subfield code='3'>Table of contents only</subfield>
        <subfield code='u'>http://www.loc.gov/catdir/toc/ecip0614/2006018317.html</subfield>
      </datafield>
      <datafield ind1=' ' ind2=' ' tag='907'>
        <subfield code='a'>b4968059</subfield>
      </datafield>
      <datafield ind1='9' ind2='1' tag='999'>
        <subfield code='i'>i6541997</subfield>
        <subfield code='l'>ddda</subfield>
        <subfield code='s'>-</subfield>
        <subfield code='t'>0</subfield>
        <subfield code='c'>1</subfield>
        <subfield code='o'>3</subfield>
        <subfield code='b'>00027319642</subfield>
        <subfield code='p'>05000</subfield>
        <subfield code='q'>|aPR2823.A2|bW59 2006</subfield>
        <subfield code='n'>Includes 1 CD-Rom</subfield>
      </datafield>
      <datafield ind1='0' ind2='0' tag='999'>
        <subfield code='a'>2007-01-18 00:00:00-05</subfield>
        <subfield code='c'>2007-01-16 12:50:48-05</subfield>
        <subfield code='u'>2017-11-11 09:55:46.484-05</subfield>
      </datafield>
  </record>