
  <record>
    <leader>00000nam  2200361   4500</leader>
      <controlfield tag='006'>m|||||o  d |</controlfield>
      <controlfield tag='008'>790217s1711    ne |||| o     00||||eng c</controlfield>
      <controlfield tag='007'>cr||n||||||||n</controlfield>
      <controlfield tag='001'>ESTCT14956</controlfield>
      <controlfield tag='003'>CU-RivES</controlfield>
      <controlfield tag='005'>20060812141035.0</controlfield>
      <datafield ind1=' ' ind2=' ' tag='035'>
        <subfield code='a'>(Uk-ES)006215020</subfield>
      </datafield>
      <datafield ind1=' ' ind2=' ' tag='040'>
        <subfield code='a'>Uk-ES</subfield>
        <subfield code='c'>Uk-ES</subfield>
        <subfield code='d'>CStRLIN</subfield>
        <subfield code='d'>CU-RivES</subfield>
        <subfield code='d'>Cengage Gale</subfield>
      </datafield>
      <datafield ind1='1' ind2=' ' tag='100'>
        <subfield code='a'>Shakespeare, William,</subfield>
        <subfield code='d'>1564-1616.</subfield>
      </datafield>
      <datafield ind1='1' ind2='0' tag='240'>
        <subfield code='a'>Macbeth</subfield>
      </datafield>
      <datafield ind1='1' ind2='4' tag='245'>
        <subfield code='a'>The tragedy of Macbeth.</subfield>
        <subfield code='h'>[electronic resource] :</subfield>
        <subfield code='b'>Writen by Mr. W. Shakespear.</subfield>
      </datafield>
      <datafield ind1=' ' ind2=' ' tag='260'>
        <subfield code='a'>London [i.e. The Hague] :</subfield>
        <subfield code='b'>[for T. Johnson] ,</subfield>
        <subfield code='c'>Printed in the Year [1711]</subfield>
      </datafield>
      <datafield ind1=' ' ind2=' ' tag='300'>
        <subfield code='a'>83,[1]p. ;</subfield>
        <subfield code='c'>8â°.</subfield>
      </datafield>
      <datafield ind1=' ' ind2=' ' tag='500'>
        <subfield code='a'>Also published as part of: &apos;A collection of the best English plays&apos;, 1711-22, published by Thomas Johnson in The Hague.</subfield>
      </datafield>
      <datafield ind1=' ' ind2=' ' tag='500'>
        <subfield code='a'>Reproduction of original from Cambridge University Library.</subfield>
      </datafield>
      <datafield ind1='1' ind2=' ' tag='506'>
        <subfield code='a'>Access limited to UNC Chapel Hill-authenticated users.</subfield>
        <subfield code='f'>Unlimited simultaneous users</subfield>
      </datafield>
      <datafield ind1='4' ind2=' ' tag='510'>
        <subfield code='a'>English Short Title Catalog,</subfield>
        <subfield code='c'>T14956.</subfield>
      </datafield>
      <datafield ind1=' ' ind2='0' tag='650'>
        <subfield code='a'>English drama (Tragedy)</subfield>
        <subfield code='y'>18th century.</subfield>
      </datafield>
      <datafield ind1=' ' ind2='0' tag='650'>
        <subfield code='a'>Verse drama, English</subfield>
        <subfield code='v'>Early works to 1800.</subfield>
      </datafield>
      <datafield ind1=' ' ind2='7' tag='655'>
        <subfield code='a'>Plays.</subfield>
        <subfield code='2'>rbgenr</subfield>
      </datafield>
      <datafield ind1=' ' ind2=' ' tag='752'>
        <subfield code='a'>Netherlands</subfield>
        <subfield code='d'>The Hague.</subfield>
      </datafield>
      <datafield ind1='0' ind2=' ' tag='773'>
        <subfield code='t'>Eighteenth century collections online (online collection). Part 1</subfield>
      </datafield>
      <datafield ind1='4' ind2='0' tag='856'>
        <subfield code='u'>http://libproxy.lib.unc.edu/login?url=http://find.galegroup.com/ecco/infomark.do?contentSet=ECCOArticles&amp;docType=ECCOArticles&amp;bookId=1227100400&amp;type=getFullCitation&amp;tabID=T001&amp;prodId=ECCO&amp;docLevel=TEXT_GRAPHICS&amp;version=1.0&amp;source=library&amp;userGroupName=unc_main</subfield>
        <subfield code='y'>Full text available via the UNC-Chapel Hill Libraries</subfield>
        <subfield code='x'>ECCO electronic book</subfield>
      </datafield>
      <datafield ind1=' ' ind2=' ' tag='907'>
        <subfield code='a'>b5039941</subfield>
      </datafield>
      <datafield ind1='0' ind2='0' tag='999'>
        <subfield code='a'>2011-02-18 00:00:00-05</subfield>
        <subfield code='c'>2007-02-09 12:36:19-05</subfield>
        <subfield code='u'>2017-03-17 07:36:37-04</subfield>
      </datafield>
  </record>