
  <record>
    <leader>00000cam  2200337   4500</leader>
      <controlfield tag='006'>m|||||o  d |</controlfield>
      <controlfield tag='008'>790922s1799    enk|||| o     00| ||eng c</controlfield>
      <controlfield tag='007'>cr||n||||||||n</controlfield>
      <controlfield tag='001'>ESTCT62210</controlfield>
      <controlfield tag='003'>CU-RivES</controlfield>
      <controlfield tag='005'>20070912152000.0</controlfield>
      <datafield ind1=' ' ind2=' ' tag='035'>
        <subfield code='a'>(Uk-ES)006333425</subfield>
      </datafield>
      <datafield ind1=' ' ind2=' ' tag='040'>
        <subfield code='a'>Uk-ES</subfield>
        <subfield code='c'>Uk-ES</subfield>
        <subfield code='d'>CStRLIN</subfield>
        <subfield code='d'>CU-RivES</subfield>
        <subfield code='d'>Cengage Gale</subfield>
      </datafield>
      <datafield ind1='1' ind2=' ' tag='100'>
        <subfield code='a'>Shakespeare, William,</subfield>
        <subfield code='d'>1564-1616.</subfield>
      </datafield>
      <datafield ind1='1' ind2='0' tag='245'>
        <subfield code='a'>Macbeth</subfield>
        <subfield code='h'>[electronic resource] :</subfield>
        <subfield code='b'>a tragedy. Written by William Shakespeare. With notes and emendations, by Harry Rowe, Trumpet-Major to the high Sheriffs of Yorkshire; and master of a Puppet-Show.</subfield>
      </datafield>
      <datafield ind1=' ' ind2=' ' tag='250'>
        <subfield code='a'>The second edition.</subfield>
      </datafield>
      <datafield ind1=' ' ind2=' ' tag='260'>
        <subfield code='a'>York :</subfield>
        <subfield code='b'>printed by Wilson, Spence, and Mawman; sold by Vernor and Hood, London; and by the booksellers in York. Anno,</subfield>
        <subfield code='c'>1799.</subfield>
      </datafield>
      <datafield ind1=' ' ind2=' ' tag='300'>
        <subfield code='a'>112p.,plate :</subfield>
        <subfield code='b'>port. ;</subfield>
        <subfield code='c'>8â°.</subfield>
      </datafield>
      <datafield ind1=' ' ind2=' ' tag='500'>
        <subfield code='a'>Alterations ascribed to Alexander Hunter.</subfield>
      </datafield>
      <datafield ind1=' ' ind2=' ' tag='500'>
        <subfield code='a'>Reproduction of original from British Library.</subfield>
      </datafield>
      <datafield ind1='1' ind2=' ' tag='506'>
        <subfield code='a'>Access limited to UNC Chapel Hill-authenticated users.</subfield>
        <subfield code='f'>Unlimited simultaneous users</subfield>
      </datafield>
      <datafield ind1='4' ind2=' ' tag='510'>
        <subfield code='a'>English Short Title Catalog,</subfield>
        <subfield code='c'>T62210.</subfield>
      </datafield>
      <datafield ind1='0' ind2='0' tag='600'>
        <subfield code='a'>Macbeth,</subfield>
        <subfield code='c'>King of Scotland,</subfield>
        <subfield code='d'>active 11th century</subfield>
        <subfield code='v'>Drama.</subfield>
      </datafield>
      <datafield ind1=' ' ind2=' ' tag='752'>
        <subfield code='a'>Great Britain</subfield>
        <subfield code='b'>England</subfield>
        <subfield code='d'>York.</subfield>
      </datafield>
      <datafield ind1='0' ind2=' ' tag='773'>
        <subfield code='t'>Eighteenth century collections online (online collection). Part 1</subfield>
      </datafield>
      <datafield ind1='4' ind2='0' tag='856'>
        <subfield code='u'>http://libproxy.lib.unc.edu/login?url=http://find.galegroup.com/ecco/infomark.do?contentSet=ECCOArticles&amp;docType=ECCOArticles&amp;bookId=0154501900&amp;type=getFullCitation&amp;tabID=T001&amp;prodId=ECCO&amp;docLevel=TEXT_GRAPHICS&amp;version=1.0&amp;source=library&amp;userGroupName=unc_main</subfield>
        <subfield code='y'>Full text available via the UNC-Chapel Hill Libraries</subfield>
        <subfield code='x'>ECCO electronic book</subfield>
      </datafield>
      <datafield ind1=' ' ind2=' ' tag='907'>
        <subfield code='a'>b5048108</subfield>
      </datafield>
      <datafield ind1='0' ind2='0' tag='999'>
        <subfield code='a'>2011-02-24 00:00:00-05</subfield>
        <subfield code='c'>2007-02-09 12:51:56-05</subfield>
        <subfield code='u'>2017-03-17 07:41:31-04</subfield>
      </datafield>
  </record>