
  <record>
    <leader>00000nam  2200385   4500</leader>
      <controlfield tag='006'>m|||||o  d |</controlfield>
      <controlfield tag='008'>880128s1755    enk|||| o     00||||eng c</controlfield>
      <controlfield tag='007'>cr||n||||||||n</controlfield>
      <controlfield tag='001'>ESTCT175821</controlfield>
      <controlfield tag='003'>CU-RivES</controlfield>
      <controlfield tag='005'>20060812142758.0</controlfield>
      <datafield ind1=' ' ind2=' ' tag='035'>
        <subfield code='a'>(Uk-ES)006270608</subfield>
      </datafield>
      <datafield ind1=' ' ind2=' ' tag='040'>
        <subfield code='a'>Uk-ES</subfield>
        <subfield code='c'>Uk-ES</subfield>
        <subfield code='d'>CStRLIN</subfield>
        <subfield code='d'>Cengage Gale</subfield>
      </datafield>
      <datafield ind1='1' ind2=' ' tag='100'>
        <subfield code='a'>Shakespeare, William,</subfield>
        <subfield code='d'>1564-1616.</subfield>
      </datafield>
      <datafield ind1='1' ind2='0' tag='240'>
        <subfield code='a'>Macbeth</subfield>
      </datafield>
      <datafield ind1='1' ind2='4' tag='245'>
        <subfield code='a'>The tragedy of Macbeth.</subfield>
        <subfield code='h'>[electronic resource] :</subfield>
        <subfield code='b'>By William Shakespear. To which are added all the original songs.</subfield>
      </datafield>
      <datafield ind1=' ' ind2=' ' tag='260'>
        <subfield code='a'>London :</subfield>
        <subfield code='b'>printed for J. and P. Knapton, S. Birt, T. Longman, H. Lintot, C. Hitch [and 6 others in London],</subfield>
        <subfield code='c'>1755.</subfield>
      </datafield>
      <datafield ind1=' ' ind2=' ' tag='300'>
        <subfield code='a'>68,[4]p. :</subfield>
        <subfield code='b'>ill. ;</subfield>
        <subfield code='c'>12â°.</subfield>
      </datafield>
      <datafield ind1=' ' ind2=' ' tag='500'>
        <subfield code='a'>Titlepage in red and black.</subfield>
      </datafield>
      <datafield ind1=' ' ind2=' ' tag='500'>
        <subfield code='a'>The songs are by Sir William Davenant.</subfield>
      </datafield>
      <datafield ind1=' ' ind2=' ' tag='500'>
        <subfield code='a'>Reproduction of original from Bodleian Library (Oxford).</subfield>
      </datafield>
      <datafield ind1='1' ind2=' ' tag='506'>
        <subfield code='a'>Access limited to UNC Chapel Hill-authenticated users.</subfield>
        <subfield code='f'>Unlimited simultaneous users</subfield>
      </datafield>
      <datafield ind1='4' ind2=' ' tag='510'>
        <subfield code='a'>English Short Title Catalog,</subfield>
        <subfield code='c'>T175821.</subfield>
      </datafield>
      <datafield ind1='0' ind2='0' tag='600'>
        <subfield code='a'>Macbeth,</subfield>
        <subfield code='c'>King of Scotland,</subfield>
        <subfield code='d'>active 11th century</subfield>
        <subfield code='v'>Drama</subfield>
        <subfield code='v'>Early works to 1800.</subfield>
      </datafield>
      <datafield ind1=' ' ind2='0' tag='650'>
        <subfield code='a'>English drama (Tragedy)</subfield>
        <subfield code='y'>18th century.</subfield>
      </datafield>
      <datafield ind1=' ' ind2='0' tag='650'>
        <subfield code='a'>Regicides</subfield>
        <subfield code='v'>Drama</subfield>
        <subfield code='v'>Early works to 1800.</subfield>
      </datafield>
      <datafield ind1=' ' ind2='7' tag='655'>
        <subfield code='a'>Plays.</subfield>
        <subfield code='2'>rbgenr</subfield>
      </datafield>
      <datafield ind1=' ' ind2=' ' tag='752'>
        <subfield code='a'>Great Britain</subfield>
        <subfield code='b'>England</subfield>
        <subfield code='d'>London.</subfield>
      </datafield>
      <datafield ind1='0' ind2=' ' tag='773'>
        <subfield code='t'>Eighteenth century collections online (online collection). Part 1</subfield>
      </datafield>
      <datafield ind1='4' ind2='0' tag='856'>
        <subfield code='u'>http://libproxy.lib.unc.edu/login?url=http://find.galegroup.com/ecco/infomark.do?contentSet=ECCOArticles&amp;docType=ECCOArticles&amp;bookId=1045800800&amp;type=getFullCitation&amp;tabID=T001&amp;prodId=ECCO&amp;docLevel=TEXT_GRAPHICS&amp;version=1.0&amp;source=library&amp;userGroupName=unc_main</subfield>
        <subfield code='y'>Full text available via the UNC-Chapel Hill Libraries</subfield>
        <subfield code='x'>ECCO electronic book</subfield>
      </datafield>
      <datafield ind1=' ' ind2=' ' tag='907'>
        <subfield code='a'>b5064562</subfield>
      </datafield>
      <datafield ind1='0' ind2='0' tag='999'>
        <subfield code='a'>2011-02-18 00:00:00-05</subfield>
        <subfield code='c'>2007-02-09 13:24:25-05</subfield>
        <subfield code='u'>2017-03-17 07:45:44-04</subfield>
      </datafield>
  </record>