
  <record>
    <leader>00000nam a22002771a 4500</leader>
      <controlfield tag='006'>m        d</controlfield>
      <controlfield tag='008'>020621r19941623xxk                 eng d</controlfield>
      <controlfield tag='007'>cr||||||||||||</controlfield>
      <controlfield tag='001'>LIONZ000118547</controlfield>
      <controlfield tag='003'>Uk-CbPIL</controlfield>
      <controlfield tag='005'>20070524110546.0</controlfield>
      <datafield ind1=' ' ind2=' ' tag='040'>
        <subfield code='a'>UK-CbPIL</subfield>
        <subfield code='c'>UK-CbPIL</subfield>
      </datafield>
      <datafield ind1='1' ind2=' ' tag='100'>
        <subfield code='a'>Shakespeare, William,</subfield>
        <subfield code='d'>1564-1616.</subfield>
      </datafield>
      <datafield ind1='1' ind2='0' tag='245'>
        <subfield code='a'>Macbeth</subfield>
        <subfield code='h'>[electronic resource].</subfield>
      </datafield>
      <datafield ind1=' ' ind2=' ' tag='256'>
        <subfield code='a'>Electronic data.</subfield>
      </datafield>
      <datafield ind1=' ' ind2=' ' tag='260'>
        <subfield code='a'>Cambridge :</subfield>
        <subfield code='b'>Chadwyck-Healey,</subfield>
        <subfield code='c'>1994.</subfield>
      </datafield>
      <datafield ind1=' ' ind2=' ' tag='500'>
        <subfield code='a'>Preliminaries omitted. Commendatory poems included with The Tempest..</subfield>
      </datafield>
      <datafield ind1='1' ind2=' ' tag='506'>
        <subfield code='a'>Access limited to UNC Chapel Hill-authenticated users.</subfield>
        <subfield code='f'>Unlimited simultaneous users</subfield>
      </datafield>
      <datafield ind1=' ' ind2=' ' tag='534'>
        <subfield code='p'>Transcribed from:</subfield>
        <subfield code='a'>Shakespeare, William, 1564-1616.</subfield>
        <subfield code='t'>Mr. William Shakespeares comedies, histories, &amp; tragedies. Published according to the true originall copies</subfield>
        <subfield code='c'>London : Printed by Isaac Iaggard, and Ed. Blount, 1623.</subfield>
        <subfield code='e'>[11], 303, 232, [28], 993 [i.e. 299] p.</subfield>
      </datafield>
      <datafield ind1=' ' ind2=' ' tag='538'>
        <subfield code='a'>Mode of access: World Wide Web.</subfield>
      </datafield>
      <datafield ind1='1' ind2=' ' tag='700'>
        <subfield code='a'>Middleton, Thomas,</subfield>
        <subfield code='d'>-1627,</subfield>
        <subfield code='e'>attributed name.</subfield>
      </datafield>
      <datafield ind1='0' ind2=' ' tag='773'>
        <subfield code='t'>Literature online (online collection). Texts. Drama. English drama</subfield>
      </datafield>
      <datafield ind1='4' ind2='0' tag='856'>
        <subfield code='s'>192Kb</subfield>
        <subfield code='u'>http://libproxy.lib.unc.edu/login?url=http://gateway.proquest.com/openurl?ctx_ver=Z39.88-2003&amp;xri:pqil:res_ver=0.2&amp;res_id=xri:lion-us&amp;rft_id=xri:lion:dr:Z000118547</subfield>
        <subfield code='y'>Full text available via the UNC-Chapel Hill Libraries</subfield>
        <subfield code='x'>LION electronic book</subfield>
      </datafield>
      <datafield ind1=' ' ind2=' ' tag='907'>
        <subfield code='a'>b5241983</subfield>
      </datafield>
      <datafield ind1='0' ind2='0' tag='999'>
        <subfield code='a'>2007-08-09 00:00:00-04</subfield>
        <subfield code='c'>2007-08-09 10:17:36-04</subfield>
        <subfield code='u'>2017-03-20 10:22:12-04</subfield>
      </datafield>
  </record>