
  <record>
    <leader>00000nam  22003011a 4500</leader>
      <controlfield tag='006'>m        d</controlfield>
      <controlfield tag='008'>060616r20061865xxk                 eng d</controlfield>
      <controlfield tag='007'>cr||||||||||||</controlfield>
      <controlfield tag='001'>LIONZ000849797</controlfield>
      <controlfield tag='003'>Uk-CbPIL</controlfield>
      <controlfield tag='005'>20071126164331.0</controlfield>
      <datafield ind1=' ' ind2=' ' tag='040'>
        <subfield code='a'>UK-CbPIL</subfield>
        <subfield code='c'>UK-CbPIL</subfield>
      </datafield>
      <datafield ind1='1' ind2=' ' tag='100'>
        <subfield code='a'>Shakespeare, William,</subfield>
        <subfield code='d'>1564-1616.</subfield>
      </datafield>
      <datafield ind1='1' ind2='0' tag='245'>
        <subfield code='a'>Macbeth</subfield>
        <subfield code='h'>[electronic resource].</subfield>
      </datafield>
      <datafield ind1=' ' ind2=' ' tag='256'>
        <subfield code='a'>Electronic data.</subfield>
      </datafield>
      <datafield ind1=' ' ind2=' ' tag='260'>
        <subfield code='a'>Cambridge :</subfield>
        <subfield code='b'>ProQuest Information and Learning,</subfield>
        <subfield code='c'>2006.</subfield>
      </datafield>
      <datafield ind1=' ' ind2=' ' tag='500'>
        <subfield code='a'>Only poems included.</subfield>
      </datafield>
      <datafield ind1='1' ind2=' ' tag='506'>
        <subfield code='a'>Access limited to UNC Chapel Hill-authenticated users.</subfield>
        <subfield code='f'>Unlimited simultaneous users</subfield>
      </datafield>
      <datafield ind1=' ' ind2=' ' tag='534'>
        <subfield code='p'>Transcribed from:</subfield>
        <subfield code='a'>Shakespeare, William, 1564-1616.</subfield>
        <subfield code='t'>Macbeth [in, The works of William Shakespeare. Volume VII]</subfield>
        <subfield code='c'>Cambridge : Macmillan and Co., 1865.</subfield>
        <subfield code='e'>9 v.</subfield>
      </datafield>
      <datafield ind1=' ' ind2=' ' tag='538'>
        <subfield code='a'>Mode of access: World Wide Web.</subfield>
      </datafield>
      <datafield ind1='1' ind2=' ' tag='700'>
        <subfield code='a'>Clark, William George,</subfield>
        <subfield code='d'>1821-1878,</subfield>
        <subfield code='e'>editor.</subfield>
      </datafield>
      <datafield ind1='1' ind2=' ' tag='700'>
        <subfield code='a'>Glover, John,</subfield>
        <subfield code='e'>editor.</subfield>
      </datafield>
      <datafield ind1='1' ind2=' ' tag='700'>
        <subfield code='a'>Wright, William Aldis,</subfield>
        <subfield code='d'>1831-1914,</subfield>
        <subfield code='e'>editor.</subfield>
      </datafield>
      <datafield ind1='0' ind2=' ' tag='773'>
        <subfield code='t'>Literature online (online collection). Texts. Drama. English drama</subfield>
      </datafield>
      <datafield ind1='4' ind2='0' tag='856'>
        <subfield code='s'>254Kb</subfield>
        <subfield code='u'>http://libproxy.lib.unc.edu/login?url=http://gateway.proquest.com/openurl?ctx_ver=Z39.88-2003&amp;xri:pqil:res_ver=0.2&amp;res_id=xri:lion-us&amp;rft_id=xri:lion:dr:Z000849797</subfield>
        <subfield code='y'>Full text available via the UNC-Chapel Hill Libraries</subfield>
        <subfield code='x'>LION electronic book</subfield>
      </datafield>
      <datafield ind1=' ' ind2=' ' tag='907'>
        <subfield code='a'>b5242281</subfield>
      </datafield>
      <datafield ind1='0' ind2='0' tag='999'>
        <subfield code='a'>2008-03-07 00:00:00-05</subfield>
        <subfield code='c'>2007-08-09 10:19:08-04</subfield>
        <subfield code='u'>2017-03-20 10:22:12-04</subfield>
      </datafield>
  </record>