
  <record>
    <leader>00000cam a2200301Ia 4500</leader>
      <controlfield tag='008'>731214s1964    sp            000 d spa d</controlfield>
      <controlfield tag='001'>760281</controlfield>
      <controlfield tag='003'>OCoLC</controlfield>
      <controlfield tag='005'>20071101124602.0</controlfield>
      <datafield ind1=' ' ind2=' ' tag='035'>
        <subfield code='a'>(OCoLC)760281</subfield>
      </datafield>
      <datafield ind1=' ' ind2=' ' tag='040'>
        <subfield code='a'>DAY</subfield>
        <subfield code='c'>DAY</subfield>
        <subfield code='d'>OCL</subfield>
        <subfield code='d'>NOC</subfield>
      </datafield>
      <datafield ind1='1' ind2=' ' tag='041'>
        <subfield code='a'>spa</subfield>
        <subfield code='h'>eng</subfield>
      </datafield>
      <datafield ind1=' ' ind2=' ' tag='049'>
        <subfield code='a'>NODV</subfield>
      </datafield>
      <datafield ind1='1' ind2=' ' tag='100'>
        <subfield code='a'>Shakespeare, William,</subfield>
        <subfield code='d'>1564-1616.</subfield>
      </datafield>
      <datafield ind1='1' ind2='0' tag='240'>
        <subfield code='a'>Macbeth.</subfield>
        <subfield code='l'>Spanish</subfield>
      </datafield>
      <datafield ind1='1' ind2='0' tag='245'>
        <subfield code='a'>Macbeth :</subfield>
        <subfield code='b'>tragedia en tres actos /</subfield>
        <subfield code='c'>original de William Shakespeare ; versión española de Fernando Díaz-Plaja.</subfield>
      </datafield>
      <datafield ind1=' ' ind2=' ' tag='260'>
        <subfield code='a'>[Madrid] :</subfield>
        <subfield code='b'>Ediciones Alfil,</subfield>
        <subfield code='c'>1964.</subfield>
      </datafield>
      <datafield ind1=' ' ind2=' ' tag='300'>
        <subfield code='a'>87 p. ;</subfield>
        <subfield code='c'>16 cm.</subfield>
      </datafield>
      <datafield ind1='1' ind2=' ' tag='700'>
        <subfield code='a'>Díaz-Plaja, Fernando.</subfield>
      </datafield>
      <datafield ind1=' ' ind2='0' tag='830'>
        <subfield code='a'>Colección Teatro (Escelicer) ;</subfield>
        <subfield code='v'>424.</subfield>
      </datafield>
      <datafield ind1=' ' ind2='0' tag='830'>
        <subfield code='a'>Coleccion Alfil (Madrid, Spain)</subfield>
      </datafield>
      <datafield ind1=' ' ind2=' ' tag='907'>
        <subfield code='a'>b5296419</subfield>
      </datafield>
      <datafield ind1='9' ind2='1' tag='999'>
        <subfield code='i'>i6974148</subfield>
        <subfield code='l'>trln</subfield>
        <subfield code='s'>-</subfield>
        <subfield code='t'>0</subfield>
        <subfield code='c'>1</subfield>
        <subfield code='o'>0</subfield>
        <subfield code='b'>00029607774</subfield>
        <subfield code='p'>092##</subfield>
        <subfield code='q'>|a862.8|bC695, no. 424</subfield>
        <subfield code='v'>no. 424</subfield>
      </datafield>
      <datafield ind1='0' ind2='0' tag='999'>
        <subfield code='a'>2007-11-01 00:00:00-04</subfield>
        <subfield code='c'>2007-11-01 14:03:00-04</subfield>
        <subfield code='u'>2017-11-15 15:46:10-05</subfield>
      </datafield>
  </record>