
  <record>
    <leader>00000cam a2200385Ia 4500</leader>
      <controlfield tag='008'>980926t19981990enka     b    001 0 eng d</controlfield>
      <controlfield tag='001'>39939000</controlfield>
      <controlfield tag='003'>OCoLC</controlfield>
      <controlfield tag='005'>20080820080900.7</controlfield>
      <datafield ind1=' ' ind2=' ' tag='020'>
        <subfield code='a'>0192834177 (pbk.) :</subfield>
        <subfield code='c'>$7.95</subfield>
      </datafield>
      <datafield ind1=' ' ind2=' ' tag='020'>
        <subfield code='a'>9780192834171 (pbk.)</subfield>
      </datafield>
      <datafield ind1=' ' ind2=' ' tag='035'>
        <subfield code='a'>(OCoLC)39939000</subfield>
      </datafield>
      <datafield ind1=' ' ind2=' ' tag='040'>
        <subfield code='a'>FBR</subfield>
        <subfield code='c'>FBR</subfield>
        <subfield code='d'>OCL</subfield>
        <subfield code='d'>NRM</subfield>
        <subfield code='d'>OCLCQ</subfield>
        <subfield code='d'>OCLCG</subfield>
        <subfield code='d'>YDXCP</subfield>
      </datafield>
      <datafield ind1=' ' ind2='4' tag='050'>
        <subfield code='a'>PR2751</subfield>
        <subfield code='b'>.A1523 1998</subfield>
      </datafield>
      <datafield ind1='0' ind2='4' tag='082'>
        <subfield code='a'>822.3/3</subfield>
        <subfield code='2'>21</subfield>
      </datafield>
      <datafield ind1='1' ind2=' ' tag='100'>
        <subfield code='a'>Shakespeare, William,</subfield>
        <subfield code='d'>1564-1616.</subfield>
      </datafield>
      <datafield ind1='1' ind2='0' tag='240'>
        <subfield code='a'>Macbeth</subfield>
      </datafield>
      <datafield ind1='1' ind2='4' tag='245'>
        <subfield code='a'>The tragedy of Macbeth /</subfield>
        <subfield code='c'>edited by Nicholas Brooke.</subfield>
      </datafield>
      <datafield ind1=' ' ind2=' ' tag='260'>
        <subfield code='a'>Oxford ;</subfield>
        <subfield code='a'>New York :</subfield>
        <subfield code='b'>Oxford University Press,</subfield>
        <subfield code='c'>1998, c1990.</subfield>
      </datafield>
      <datafield ind1=' ' ind2=' ' tag='300'>
        <subfield code='a'>xii, 249 p. :</subfield>
        <subfield code='b'>ill. ;</subfield>
        <subfield code='c'>20 cm.</subfield>
      </datafield>
      <datafield ind1=' ' ind2=' ' tag='500'>
        <subfield code='a'>Cover title: Macbeth.</subfield>
      </datafield>
      <datafield ind1=' ' ind2=' ' tag='504'>
        <subfield code='a'>Includes bibliographical references and index.</subfield>
      </datafield>
      <datafield ind1='0' ind2='0' tag='600'>
        <subfield code='a'>Macbeth,</subfield>
        <subfield code='c'>King of Scotland,</subfield>
        <subfield code='d'>active 11th century</subfield>
        <subfield code='v'>Drama.</subfield>
      </datafield>
      <datafield ind1=' ' ind2='7' tag='655'>
        <subfield code='a'>Tragedies.</subfield>
        <subfield code='2'>lcgft</subfield>
      </datafield>
      <datafield ind1='1' ind2=' ' tag='700'>
        <subfield code='a'>Brooke, Nicholas.</subfield>
      </datafield>
      <datafield ind1='1' ind2=' ' tag='800'>
        <subfield code='a'>Shakespeare, William,</subfield>
        <subfield code='d'>1564-1616.</subfield>
        <subfield code='t'>Works.</subfield>
        <subfield code='f'>1982.</subfield>
      </datafield>
      <datafield ind1=' ' ind2='0' tag='830'>
        <subfield code='a'>Oxford world&apos;s classics (Oxford University Press)</subfield>
      </datafield>
      <datafield ind1=' ' ind2='1' tag='907'>
        <subfield code='a'>b5758358</subfield>
      </datafield>
      <datafield ind1='9' ind2='1' tag='999'>
        <subfield code='i'>i7557002</subfield>
        <subfield code='l'>ddda</subfield>
        <subfield code='s'>-</subfield>
        <subfield code='t'>0</subfield>
        <subfield code='c'>1</subfield>
        <subfield code='o'>2</subfield>
        <subfield code='b'>00031858703</subfield>
        <subfield code='p'>050#4</subfield>
        <subfield code='q'>|aPR2751|b.A1523 1998</subfield>
      </datafield>
      <datafield ind1='0' ind2='0' tag='999'>
        <subfield code='a'>2008-10-20 00:00:00-04</subfield>
        <subfield code='c'>2008-10-20 10:08:20-04</subfield>
        <subfield code='u'>2017-11-11 12:09:05.786-05</subfield>
      </datafield>
  </record>