
  <record>
    <leader>00000cam a2200313Ia 4500</leader>
      <controlfield tag='008'>720501s1958    onca          000 d eng d</controlfield>
      <controlfield tag='001'>296684</controlfield>
      <controlfield tag='003'>OCoLC</controlfield>
      <controlfield tag='005'>20091106090727.0</controlfield>
      <datafield ind1=' ' ind2=' ' tag='035'>
        <subfield code='a'>(OCoLC)296684</subfield>
      </datafield>
      <datafield ind1=' ' ind2=' ' tag='040'>
        <subfield code='a'>URB</subfield>
        <subfield code='c'>URB</subfield>
        <subfield code='d'>OCLCQ</subfield>
        <subfield code='d'>OCLCG</subfield>
        <subfield code='d'>UOH</subfield>
        <subfield code='d'>NOC</subfield>
      </datafield>
      <datafield ind1=' ' ind2=' ' tag='049'>
        <subfield code='a'>NOCC</subfield>
      </datafield>
      <datafield ind1=' ' ind2='4' tag='050'>
        <subfield code='a'>PR2823.A2</subfield>
        <subfield code='b'>L3 1958</subfield>
      </datafield>
      <datafield ind1='1' ind2=' ' tag='100'>
        <subfield code='a'>Shakespeare, William,</subfield>
        <subfield code='d'>1564-1616.</subfield>
      </datafield>
      <datafield ind1='1' ind2='0' tag='245'>
        <subfield code='a'>Macbeth /</subfield>
        <subfield code='c'>William Shakespeare ; additional notes and exercises by W.F. Langford.</subfield>
      </datafield>
      <datafield ind1=' ' ind2=' ' tag='260'>
        <subfield code='a'>Toronto :</subfield>
        <subfield code='b'>Longmans, Green and Co.,</subfield>
        <subfield code='c'>c1958.</subfield>
      </datafield>
      <datafield ind1=' ' ind2=' ' tag='300'>
        <subfield code='a'>xxiv, 146 p. :</subfield>
        <subfield code='b'>ill. ;</subfield>
        <subfield code='c'>19 cm.</subfield>
      </datafield>
      <datafield ind1='1' ind2='0' tag='600'>
        <subfield code='a'>Shakespeare, William,</subfield>
        <subfield code='d'>1564-1616.</subfield>
        <subfield code='t'>Macbeth.</subfield>
      </datafield>
      <datafield ind1='0' ind2='0' tag='600'>
        <subfield code='a'>Macbeth,</subfield>
        <subfield code='c'>King of Scotland,</subfield>
        <subfield code='d'>active 11th century.</subfield>
      </datafield>
      <datafield ind1=' ' ind2='0' tag='650'>
        <subfield code='a'>Regicides</subfield>
        <subfield code='v'>Drama.</subfield>
      </datafield>
      <datafield ind1=' ' ind2='0' tag='651'>
        <subfield code='a'>Scotland</subfield>
        <subfield code='v'>Drama.</subfield>
      </datafield>
      <datafield ind1='1' ind2=' ' tag='700'>
        <subfield code='a'>Langford, W. F.</subfield>
        <subfield code='q'>(Walter Frederick)</subfield>
      </datafield>
      <datafield ind1='1' ind2=' ' tag='800'>
        <subfield code='a'>Shakespeare, William,</subfield>
        <subfield code='d'>1564-1616.</subfield>
        <subfield code='t'>Works</subfield>
        <subfield code='s'>(Swan Shakespeare, Rev. Canadian ed.)</subfield>
      </datafield>
      <datafield ind1='2' ind2=' ' tag='810'>
        <subfield code='a'>University of Saskatchewan.</subfield>
        <subfield code='b'>Library.</subfield>
        <subfield code='b'>Education Library.</subfield>
        <subfield code='t'>Historical textbook collection.</subfield>
      </datafield>
      <datafield ind1=' ' ind2=' ' tag='907'>
        <subfield code='a'>b6024493</subfield>
      </datafield>
      <datafield ind1='9' ind2='1' tag='999'>
        <subfield code='i'>i7901533</subfield>
        <subfield code='l'>ddda</subfield>
        <subfield code='s'>-</subfield>
        <subfield code='t'>0</subfield>
        <subfield code='c'>1</subfield>
        <subfield code='o'>3</subfield>
        <subfield code='b'>00034683343</subfield>
        <subfield code='p'>050#4</subfield>
        <subfield code='q'>|aPR2823.A2|bL3 1958</subfield>
      </datafield>
      <datafield ind1='0' ind2='0' tag='999'>
        <subfield code='a'>2009-11-06 00:00:00-05</subfield>
        <subfield code='c'>2009-11-06 12:46:40-05</subfield>
        <subfield code='u'>2013-11-10 07:28:53-05</subfield>
      </datafield>
  </record>