
  <record>
    <leader>00000cam  2200349Ia 4500</leader>
      <controlfield tag='008'>100327s2010    cau      b    000 d eng d</controlfield>
      <controlfield tag='001'>587219959</controlfield>
      <controlfield tag='003'>OCoLC</controlfield>
      <controlfield tag='005'>20100724061134.2</controlfield>
      <datafield ind1=' ' ind2=' ' tag='020'>
        <subfield code='a'>9781586173975</subfield>
      </datafield>
      <datafield ind1=' ' ind2=' ' tag='020'>
        <subfield code='a'>1586173979</subfield>
      </datafield>
      <datafield ind1=' ' ind2=' ' tag='035'>
        <subfield code='a'>(OCoLC)587219959</subfield>
      </datafield>
      <datafield ind1=' ' ind2=' ' tag='040'>
        <subfield code='a'>BTCTA</subfield>
        <subfield code='b'>eng</subfield>
        <subfield code='c'>BTCTA</subfield>
        <subfield code='d'>YDXCP</subfield>
        <subfield code='d'>BWX</subfield>
        <subfield code='d'>MIA</subfield>
        <subfield code='d'>TXA</subfield>
      </datafield>
      <datafield ind1=' ' ind2=' ' tag='043'>
        <subfield code='a'>e-uk-st</subfield>
      </datafield>
      <datafield ind1=' ' ind2='4' tag='050'>
        <subfield code='a'>PR2823.A2</subfield>
        <subfield code='b'>P43 2010</subfield>
      </datafield>
      <datafield ind1=' ' ind2='4' tag='082'>
        <subfield code='a'>820.8003</subfield>
      </datafield>
      <datafield ind1='1' ind2=' ' tag='100'>
        <subfield code='a'>Shakespeare, William,</subfield>
        <subfield code='d'>1564-1616.</subfield>
      </datafield>
      <datafield ind1='1' ind2='0' tag='245'>
        <subfield code='a'>Macbeth :</subfield>
        <subfield code='b'>with contemporary criticism /</subfield>
        <subfield code='c'>William Shakespeare ; edited by Joseph Pearce.</subfield>
      </datafield>
      <datafield ind1=' ' ind2=' ' tag='260'>
        <subfield code='a'>San Francisco :</subfield>
        <subfield code='b'>Ignatius Press,</subfield>
        <subfield code='c'>c2010.</subfield>
      </datafield>
      <datafield ind1=' ' ind2=' ' tag='300'>
        <subfield code='a'>xxx, 206 p. ;</subfield>
        <subfield code='c'>21 cm.</subfield>
      </datafield>
      <datafield ind1=' ' ind2=' ' tag='504'>
        <subfield code='a'>Includes bibliographical references.</subfield>
      </datafield>
      <datafield ind1='0' ind2='0' tag='600'>
        <subfield code='a'>Macbeth,</subfield>
        <subfield code='c'>King of Scotland,</subfield>
        <subfield code='d'>active 11th century</subfield>
        <subfield code='v'>Drama.</subfield>
      </datafield>
      <datafield ind1='1' ind2='0' tag='600'>
        <subfield code='a'>Shakespeare, William,</subfield>
        <subfield code='d'>1564-1616.</subfield>
        <subfield code='t'>Macbeth.</subfield>
      </datafield>
      <datafield ind1=' ' ind2='0' tag='650'>
        <subfield code='a'>Regicides</subfield>
        <subfield code='z'>Scotland</subfield>
        <subfield code='v'>Drama.</subfield>
      </datafield>
      <datafield ind1=' ' ind2='0' tag='651'>
        <subfield code='a'>Scotland</subfield>
        <subfield code='x'>History</subfield>
        <subfield code='y'>To 1057</subfield>
        <subfield code='v'>Drama.</subfield>
      </datafield>
      <datafield ind1='1' ind2=' ' tag='700'>
        <subfield code='a'>Pearce, Joseph,</subfield>
        <subfield code='d'>1961-</subfield>
      </datafield>
      <datafield ind1=' ' ind2='0' tag='830'>
        <subfield code='a'>Ignatius critical editions.</subfield>
      </datafield>
      <datafield ind1=' ' ind2=' ' tag='907'>
        <subfield code='a'>b6391966</subfield>
      </datafield>
      <datafield ind1='9' ind2='1' tag='999'>
        <subfield code='i'>i8370725</subfield>
        <subfield code='l'>ddda</subfield>
        <subfield code='s'>-</subfield>
        <subfield code='t'>0</subfield>
        <subfield code='c'>1</subfield>
        <subfield code='o'>12</subfield>
        <subfield code='b'>00037982674</subfield>
        <subfield code='p'>050#4</subfield>
        <subfield code='q'>|aPR2823.A2|bP43 2010</subfield>
      </datafield>
      <datafield ind1='0' ind2='0' tag='999'>
        <subfield code='a'>2010-08-17 00:00:00-04</subfield>
        <subfield code='c'>2010-08-17 15:19:07-04</subfield>
        <subfield code='u'>2017-11-10 22:05:06.789-05</subfield>
      </datafield>
  </record>