
  <record>
    <leader>00000cam  2200385 a 4500</leader>
      <controlfield tag='008'>120808s2012    ncu      b    000 0 eng  </controlfield>
      <controlfield tag='001'>785874537</controlfield>
      <controlfield tag='003'>OCoLC</controlfield>
      <controlfield tag='005'>20121005060234.4</controlfield>
      <datafield ind1=' ' ind2=' ' tag='010'>
        <subfield code='a'>2012029654</subfield>
      </datafield>
      <datafield ind1=' ' ind2=' ' tag='020'>
        <subfield code='a'>9780786464791 (softcover : alk. paper)</subfield>
      </datafield>
      <datafield ind1=' ' ind2=' ' tag='020'>
        <subfield code='a'>0786464798 (softcover : alk. paper)</subfield>
      </datafield>
      <datafield ind1=' ' ind2=' ' tag='035'>
        <subfield code='a'>(OCoLC)785874537</subfield>
      </datafield>
      <datafield ind1=' ' ind2=' ' tag='040'>
        <subfield code='a'>DLC</subfield>
        <subfield code='b'>eng</subfield>
        <subfield code='c'>DLC</subfield>
        <subfield code='d'>YDX</subfield>
        <subfield code='d'>BTCTA</subfield>
        <subfield code='d'>YDXCP</subfield>
      </datafield>
      <datafield ind1=' ' ind2=' ' tag='042'>
        <subfield code='a'>pcc</subfield>
      </datafield>
      <datafield ind1=' ' ind2=' ' tag='043'>
        <subfield code='a'>e-uk-st</subfield>
      </datafield>
      <datafield ind1='0' ind2='0' tag='050'>
        <subfield code='a'>PR2823.A2</subfield>
        <subfield code='b'>P24 2012</subfield>
      </datafield>
      <datafield ind1='0' ind2='0' tag='082'>
        <subfield code='a'>822.3/3</subfield>
        <subfield code='2'>23</subfield>
      </datafield>
      <datafield ind1='1' ind2=' ' tag='100'>
        <subfield code='a'>Shakespeare, William,</subfield>
        <subfield code='d'>1564-1616.</subfield>
      </datafield>
      <datafield ind1='1' ind2='0' tag='240'>
        <subfield code='a'>Macbeth</subfield>
      </datafield>
      <datafield ind1='1' ind2='4' tag='245'>
        <subfield code='a'>The tragedie of Macbeth :</subfield>
        <subfield code='b'>a frankly annotated first folio edition /</subfield>
        <subfield code='c'>William Shakespeare ; annotated and with an introduction by Demitra Papadinis.</subfield>
      </datafield>
      <datafield ind1=' ' ind2=' ' tag='260'>
        <subfield code='a'>Jefferson, N.C. :</subfield>
        <subfield code='b'>McFarland &amp; Co.,</subfield>
        <subfield code='c'>c2012.</subfield>
      </datafield>
      <datafield ind1=' ' ind2=' ' tag='300'>
        <subfield code='a'>viii, 426 p. ;</subfield>
        <subfield code='c'>23 cm.</subfield>
      </datafield>
      <datafield ind1=' ' ind2=' ' tag='504'>
        <subfield code='a'>Includes bibliographical references.</subfield>
      </datafield>
      <datafield ind1=' ' ind2=' ' tag='520'>
        <subfield code='a'>&quot;Preserves the First Folio of 1623 while at the same time providing the most comprehensive and plainspoken annotation to date. Shakespeare&apos;s plays were written as popular entertainments for adult audiences, this candid text offers anyone with interest in Shakespeare a unique resource to gain valuable insights into the play and the world in which Shakespeare wrote&quot;--Provided by publisher.</subfield>
      </datafield>
      <datafield ind1='0' ind2='0' tag='600'>
        <subfield code='a'>Macbeth,</subfield>
        <subfield code='c'>King of Scotland,</subfield>
        <subfield code='d'>active 11th century</subfield>
        <subfield code='v'>Drama.</subfield>
      </datafield>
      <datafield ind1=' ' ind2='0' tag='650'>
        <subfield code='a'>Regicides</subfield>
        <subfield code='v'>Drama.</subfield>
      </datafield>
      <datafield ind1=' ' ind2='0' tag='651'>
        <subfield code='a'>Scotland</subfield>
        <subfield code='x'>History</subfield>
        <subfield code='y'>To 1057</subfield>
        <subfield code='v'>Drama.</subfield>
      </datafield>
      <datafield ind1=' ' ind2='0' tag='651'>
        <subfield code='a'>Scotland</subfield>
        <subfield code='x'>Kings and rulers</subfield>
        <subfield code='v'>Drama.</subfield>
      </datafield>
      <datafield ind1='1' ind2=' ' tag='700'>
        <subfield code='a'>Papadinis, Demitra.</subfield>
      </datafield>
      <datafield ind1=' ' ind2=' ' tag='907'>
        <subfield code='a'>b7295707</subfield>
      </datafield>
      <datafield ind1='9' ind2='1' tag='999'>
        <subfield code='i'>i9836232</subfield>
        <subfield code='l'>ddda</subfield>
        <subfield code='s'>-</subfield>
        <subfield code='t'>0</subfield>
        <subfield code='c'>1</subfield>
        <subfield code='o'>1</subfield>
        <subfield code='b'>00045581137</subfield>
        <subfield code='p'>05000</subfield>
        <subfield code='q'>|aPR2823.A2|bP24 2012</subfield>
      </datafield>
      <datafield ind1='0' ind2='0' tag='999'>
        <subfield code='a'>2013-01-02 00:00:00-05</subfield>
        <subfield code='c'>2013-01-02 10:29:54-05</subfield>
        <subfield code='u'>2013-10-31 18:51:40-04</subfield>
      </datafield>
  </record>