
  <record>
    <leader>00000nam a2200361Ia 4500</leader>
      <controlfield tag='006'>m     o  d |</controlfield>
      <controlfield tag='007'>cr cn||||||||a</controlfield>
      <controlfield tag='008'>911016s2001    ncu     o     000 0 eng d</controlfield>
      <controlfield tag='001'>EBC3314833sub</controlfield>
      <controlfield tag='003'>MiAaPQ</controlfield>
      <datafield ind1=' ' ind2=' ' tag='019'>
        <subfield code='a'>ebr5001016</subfield>
      </datafield>
      <datafield ind1=' ' ind2=' ' tag='035'>
        <subfield code='a'>(OCoLC)927361019</subfield>
      </datafield>
      <datafield ind1=' ' ind2=' ' tag='040'>
        <subfield code='a'>MiAaPQ</subfield>
        <subfield code='b'>eng</subfield>
        <subfield code='c'>MiAaPQ</subfield>
        <subfield code='d'>MiAaPQ</subfield>
      </datafield>
      <datafield ind1=' ' ind2='4' tag='050'>
        <subfield code='a'>PR2823</subfield>
        <subfield code='b'>.A1 2001</subfield>
      </datafield>
      <datafield ind1='1' ind2=' ' tag='100'>
        <subfield code='a'>Shakespeare, William,</subfield>
        <subfield code='d'>1564-1616.</subfield>
      </datafield>
      <datafield ind1='1' ind2='0' tag='245'>
        <subfield code='a'>Macbeth</subfield>
        <subfield code='h'>[electronic resource] :</subfield>
        <subfield code='b'>El rey Lear /</subfield>
        <subfield code='c'>William Shakespeare.</subfield>
      </datafield>
      <datafield ind1=' ' ind2=' ' tag='260'>
        <subfield code='a'>Raleigh, NC :</subfield>
        <subfield code='b'>Alex Catalogue,</subfield>
        <subfield code='c'>2001.</subfield>
      </datafield>
      <datafield ind1=' ' ind2=' ' tag='300'>
        <subfield code='a'>1 online resource (63 pages)</subfield>
      </datafield>
      <datafield ind1=' ' ind2=' ' tag='336'>
        <subfield code='a'>text</subfield>
        <subfield code='b'>txt</subfield>
        <subfield code='2'>rdacontent</subfield>
      </datafield>
      <datafield ind1=' ' ind2=' ' tag='337'>
        <subfield code='a'>computer</subfield>
        <subfield code='b'>c</subfield>
        <subfield code='2'>rdamedia</subfield>
      </datafield>
      <datafield ind1=' ' ind2=' ' tag='338'>
        <subfield code='a'>online resource</subfield>
        <subfield code='b'>cr</subfield>
        <subfield code='2'>rdacarrier</subfield>
      </datafield>
      <datafield ind1='1' ind2=' ' tag='506'>
        <subfield code='a'>Access limited to UNC Chapel Hill-authenticated users.</subfield>
        <subfield code='f'>Unlimited simultaneous users</subfield>
      </datafield>
      <datafield ind1='0' ind2='0' tag='600'>
        <subfield code='a'>Macbeth,</subfield>
        <subfield code='c'>King of Scotland,</subfield>
        <subfield code='d'>11th cent.</subfield>
        <subfield code='v'>Drama.</subfield>
      </datafield>
      <datafield ind1=' ' ind2='0' tag='650'>
        <subfield code='a'>English drama.</subfield>
      </datafield>
      <datafield ind1='1' ind2=' ' tag='700'>
        <subfield code='a'>Conejero, Manuel Angel.</subfield>
      </datafield>
      <datafield ind1='0' ind2=' ' tag='773'>
        <subfield code='t'>ProQuest Ebook Central (online collection). NCLIVE subscription ebooks</subfield>
      </datafield>
      <datafield ind1='4' ind2='0' tag='856'>
        <subfield code='u'>http://libproxy.lib.unc.edu/login?url=http://ebookcentral.proquest.com/lib/unc/detail.action?docID=3314833</subfield>
        <subfield code='y'>Full text available via the UNC-Chapel Hill Libraries</subfield>
      </datafield>
      <datafield ind1=' ' ind2=' ' tag='907'>
        <subfield code='a'>b7996265</subfield>
      </datafield>
      <datafield ind1='0' ind2='0' tag='999'>
        <subfield code='a'>2017-11-01 00:00:00-04</subfield>
        <subfield code='c'>2015-01-09 16:23:01-05</subfield>
        <subfield code='u'>2017-11-01 11:32:15-04</subfield>
      </datafield>
  </record>