
  <record>
    <leader>00000nim a22003492a 4500</leader>
      <controlfield tag='006'>m    |o  h |</controlfield>
      <controlfield tag='007'>cr nn||||||||a</controlfield>
      <controlfield tag='007'>sr nunnnnnnnuu</controlfield>
      <controlfield tag='008'>100518p20102003xxknnnn o      d  n eng d</controlfield>
      <controlfield tag='001'>LIONARK19</controlfield>
      <controlfield tag='003'>Uk-CbPIL</controlfield>
      <controlfield tag='005'>20100518000000.0</controlfield>
      <datafield ind1='4' ind2='1' tag='028'>
        <subfield code='a'>ARK19</subfield>
        <subfield code='b'>Arkangel Productions</subfield>
      </datafield>
      <datafield ind1=' ' ind2=' ' tag='040'>
        <subfield code='a'>UK-CbPIL</subfield>
        <subfield code='c'>UK-CbPIL</subfield>
      </datafield>
      <datafield ind1='1' ind2=' ' tag='100'>
        <subfield code='a'>Shakespeare, William,</subfield>
        <subfield code='d'>1564-1616.</subfield>
      </datafield>
      <datafield ind1='1' ind2='0' tag='245'>
        <subfield code='a'>Macbeth</subfield>
        <subfield code='h'>[sound recording].</subfield>
      </datafield>
      <datafield ind1=' ' ind2=' ' tag='260'>
        <subfield code='a'>Cambridge [eng.] :</subfield>
        <subfield code='b'>Proquest LLC,</subfield>
        <subfield code='c'>2010-</subfield>
      </datafield>
      <datafield ind1=' ' ind2=' ' tag='300'>
        <subfield code='a'>1 online resource (28 sound files (2 hours 18 mins total))</subfield>
      </datafield>
      <datafield ind1=' ' ind2=' ' tag='336'>
        <subfield code='a'>spoken word</subfield>
        <subfield code='b'>spw</subfield>
        <subfield code='2'>rdacontent</subfield>
      </datafield>
      <datafield ind1=' ' ind2=' ' tag='337'>
        <subfield code='a'>computer</subfield>
        <subfield code='b'>c</subfield>
        <subfield code='2'>rdamedia</subfield>
      </datafield>
      <datafield ind1=' ' ind2=' ' tag='338'>
        <subfield code='a'>online resource</subfield>
        <subfield code='b'>cr</subfield>
        <subfield code='2'>rdacarrier</subfield>
      </datafield>
      <datafield ind1='1' ind2=' ' tag='506'>
        <subfield code='a'>Access limited to UNC Chapel Hill-authenticated users.</subfield>
        <subfield code='f'>Unlimited simultaneous users</subfield>
      </datafield>
      <datafield ind1='0' ind2=' ' tag='773'>
        <subfield code='t'>Literature online (online collection). Multimedia. Shakespeare audio plays</subfield>
      </datafield>
      <datafield ind1='4' ind2='0' tag='856'>
        <subfield code='u'>http://libproxy.lib.unc.edu/login?url=http://gateway.proquest.com/openurl?url_ver=Z39.88-2004&amp;res_dat=xri:lion-us&amp;rft_dat=xri:lion:shakespeare:ARK19</subfield>
        <subfield code='y'>Streaming audio available via the UNC-Chapel Hill Libraries</subfield>
      </datafield>
      <datafield ind1=' ' ind2='1' tag='907'>
        <subfield code='a'>b8650872</subfield>
      </datafield>
      <datafield ind1='0' ind2='0' tag='999'>
        <subfield code='a'>2016-11-10 00:00:00-05</subfield>
        <subfield code='c'>2016-11-10 15:45:14-05</subfield>
        <subfield code='u'>2016-11-21 20:31:29-05</subfield>
      </datafield>
  </record>
</collection>